2956 4934
777 325 819 384 28

694 421 899 440 mmmmm

178 571 271 632 supra
299 555 544 630 memoravimus,
578 553 645 619 πᾶν
673 561 745 616 ente
772 555 908 617 vocalem
936 546 1031 620 πάντ’
1061 556 1111 617 vel
1140 552 1236 620 πᾶντ’
1264 556 1422 636 seriptum,

178 666 372 744 quodetiam
394 667 428 728 in
442 668 539 748 μίαν.
564 665 637 747 284,
660 668 681 728 2
703 667 916 746 corrigendum
939 672 1002 744 est,
1032 667 1098 733 πᾶν
1126 656 1329 733 ἀναπτύσσει
1353 672 1422 748 (pro

177 768 272 840 πάντ’
295 767 518 858 ἀναπτύσσει).
541 814 582 824 —-

262 889 372 969 Itaque
394 911 455 953 non
477 891 551 954 lieet
570 889 605 955 0.
621 890 654 955 0.
666 890 730 954 502
752 892 785 952 in
807 883 976 977 ὑφηγηιοῦ
998 887 1028 956 d'
1050 885 1127 956 ἄνευ
1149 894 1206 955 hoo
1228 889 1259 956 δ’
1281 914 1319 955 ex
1342 890 1422 972 δίχα

176 997 325 1077 reliquum
348 1001 538 1076 existimare,
562 1003 641 1080 quod
662 1003 787 1082 plurimi
809 1003 1024 1064 deHermanni
1038 1003 1214 1064 eonieeture
1233 1009 1423 1082 receperunt.

95 1194 97 1198 ι
176 1111 258 1173 Illud
279 1103 354 1178 diseo
375 1133 448 1174 vero
472 1118 647 1193 corruptum
668 1119 716 1176 est
737 1135 774 1176 ex
797 1106 897 1190 κενόν,
919 1111 949 1178 δ’
964 1118 1108 1193 eorrupta
1123 1135 1196 1176 voee
1212 1106 1300 1180 κενόν
1315 1115 1423 1177 hiatus

176 1222 298 1285 vitandi
319 1245 412 1286 eausa
433 1225 581 1286 insertum
603 1227 672 1304 (eir.
695 1247 787 1305 supra
809 1226 844 1287 Ο.
866 1227 904 1287 R.
927 1225 1015 1308 966).
1059 1228 1106 1288 De
1127 1215 1217 1298 κενός
1238 1246 1344 1307 τινος,
1368 1227 1424 1289 ali·

178 1354 238 1412 qua
266 1357 299 1397 re
328 1338 468 1411 orbatus,
501 1338 667 1400 destitutus
701 1339 755 1400 afr.
785 1338 825 1398 ib.
850 1339 911 1398 931
941 1338 998 1402 τοῦ
1026 1337 1081 1402 νοῦ
1109 1331 1219 1414 κενόν,
1249 1337 1325 1400 Ant.
1351 1340 1422 1416 754,

176 1445 225 1504 El.
247 1445 326 1522 4033
350 1439 427 1535 δόρυ
449 1445 578 1532 ἀνδρῶν
601 1437 782 1530 συμμάχων
804 1440 893 1514 κενόν
913 1449 990 1510 dioit
1011 1448 1184 1528 Euripides,
1206 1485 1247 1495 -

267 1551 302 1618 0.
324 1555 363 1617 R.
385 1556 450 1618 930
471 1559 584 1619 falsum
606 1564 668 1634 est,
692 1559 770 1637 qnod
793 1559 895 1620 neseio
918 1580 976 1637 quo
998 1564 1088 1638 paeto
1110 1581 1197 1622 nemo
1218 1560 1422 1640 interpretum

178 1667 283 1741 sensit,
305 1664 436 1752 γένοιτο,
459 1691 549 1749 quum
571 1676 643 1750 post
664 1673 757 1733 verba
772 1671 858 1732 ehori
873 1664 949 1754 γυνή
969 1668 1005 1734 δὲ
1024 1659 1128 1759 μῆτερ
1143 1664 1199 1757 ἥδε
1218 1668 1270 1735 uri
1293 1675 1421 1735 nuntius

177 1781 216 1842 ad
236 1781 390 1843 Ioeestam
413 1803 446 1843 se
468 1787 644 1846 convertere
666 1783 787 1856 debeat,
818 1783 850 1844 id
873 1783 952 1860 quod
984 1803 1051 1844 eum
1080 1785 1179 1846 faeere
1209 1805 1246 1846 ex
1275 1806 1421 1865 responso

176 1893 315 1956 Ioeastae
344 1885 447 1966 οὕτως
475 1890 511 1958 δὲ
539 1893 592 1957 καὶ
624 1883 664 1958 σύ
685 1892 712 1980 γ’
734 1894 929 1974 cognoscitur
950 1896 1018 1973 (efr.
1040 1896 1090 1957 El.
1113 1896 1177 1978 66).
1221 1897 1280 1959 Hie
1303 1918 1422 1977 quoque

178 2005 277 2084 igitur
298 2007 332 2067 in
353 2002 446 2091 γένοι’
469 2002 595 2069 ἐκείνου
617 2007 695 2068 illud
716 2003 744 2070 r'
766 2007 915 2068 insertum
937 2011 994 2069 est.
1017 2042 1059 2052 -

264 2117 368 2178 Etiam
391 2118 518 2196 gravius
539 2117 650 2180 vitium
682 2119 738 2180 hoa
767 2118 854 2180 modo
876 2118 999 2181 videtur
1028 2121 1129 2180 ortum
1156 2116 1190 2178 in
1215 2113 1251 2180 0.
1277 2115 1311 2182 0.
1337 2117 1422 2181 1098

177 2218 244 2293 ὦδε
266 2227 566 2314 προσπσλονμὲνας.
612 2231 678 2292 Hoe
699 2233 824 2293 verbum
848 2235 1022 2309 eorruptum
1050 2250 1116 2291 esse
1144 2230 1226 2291 inter
1256 2231 1423 2309 prudentes

177 2344 315 2414 constat,
345 2340 426 2402 ratio
448 2341 588 2403 medendi
609 2362 670 2404 non
693 2346 823 2403 oonstet.
867 2343 962 2404 Nemo
991 2342 1080 2403 eredo
1103 2340 1235 2403 Nauekii
1263 2341 1422 2403 audaeiam

176 2453 322 2531 probabit
351 2473 448 2531 neque
478 2454 647 2532 Hartungii
681 2454 855 2516 coniectura
892 2449 1174 2539 προσπελωμένας
1211 2457 1266 2514 ant
1293 2454 1424 2534 Bergkii

177 2563 476 2652 προσπωλαυμένας
499 2566 632 2645 aliquam
653 2567 796 2628 veritatis
819 2567 949 2646 speeiem
972 2566 1071 2627 habet.
1111 2565 1172 2639 Qui
1189 2566 1278 2628 novit
1295 2568 1424 2628 verbum

176 2677 210 2737 in
232 2679 289 2740 hae
317 2699 350 2740 re
379 2698 436 2739 usu
463 2679 649 2758 tragicorum
677 2699 771 2758 prope
800 2683 965 2753 statutum,
998 2697 1059 2740 non
1089 2677 1279 2740 dubitaverit
1306 2700 1424 2740 meeum

177 2808 321 2868 reponere
344 2786 427 2876 πρὸς
455 2787 484 2853 σ’
512 2784 714 2875 ὁρμωμένας.
760 2791 859 2864 Quum
881 2791 979 2870 igitur
1000 2785 1281 2875 προσορμωμὲνας
1308 2791 1424 2852 laetum

178 2906 275 2977 esset,
309 2903 446 2982 syllabae
466 2903 675 2981 produoendae
696 2925 788 2966 eausa
810 2903 940 2964 mutatio
963 2904 1046 2964 faeta
1068 2905 1123 2963 est.
1168 2901 1311 2963 Ceterum
1338 2895 1424 2989 πρὸς

179 3010 215 3079 σὲ
226 3014 294 3095 ipso
305 3035 411 3090 sensu,
435 3035 525 3094 quum
543 3035 651 3077 eaeeus
669 3015 712 3077 sit
724 3016 874 3095 Oedipus,
896 3035 990 3096 prope
1004 3013 1174 3076 necessario
1193 3014 1368 3093 requiritur.
1382 3049 1422 3060 -

461 3209 550 3280 VIH
572 3228 605 3278 a.
642 3209 794 3279 Literae
816 3208 932 3278 semel
954 3207 1130 3295 seriptae.

265 3351 340 3413 Cum
362 3373 452 3432 saepe
474 3353 583 3414 literae
603 3353 637 3413 in
658 3351 780 3425 mediis,
804 3351 836 3410 in
858 3350 1001 3412 extremis
1013 3350 1172 3412 vocabulis
1190 3350 1322 3412 omissae
1342 3356 1422 3425 sunt,

178 3463 258 3542 qnod
279 3485 347 3525 oum
369 3485 431 3525 non
453 3465 604 3526 communi
620 3483 729 3543 genere
748 3463 949 3537 contineatur,
973 3463 1026 3523 sed
1048 3463 1215 3541 singularis
1236 3463 1422 3524 temeritatis

68 3634 72 3642 .
178 3575 234 3650 sit,
257 3595 319 3637 non
341 3575 460 3637 adtinet
482 3575 521 3635 ad
543 3596 612 3650 nos,
646 3580 712 3634 tum
733 3574 841 3636 literae
863 3575 957 3635 semel
978 3574 1110 3653 scriptae
1133 3580 1206 3635 sunt
1227 3596 1304 3654 quae
1326 3576 1423 3656 dupli·

178 3688 292 3751 eandae
315 3693 418 3763 erant;
454 3688 488 3749 id
518 3687 597 3766 quod
623 3686 763 3765 inprimis
793 3687 826 3748 in
854 3704 875 3749 σ
905 3688 1009 3749 evenit
1030 3709 1068 3749 ex
1095 3687 1345 3766 pronuntiatione
1368 3690 1422 3750 efr.

179 3799 262 3860 0.R.
285 3795 524 3879 προσιείχσντα
545 3818 574 3877 p.
597 3794 854 3879 προσσιείχανια
876 3797 925 3876 (0.
949 3798 981 3860 0.
1005 3799 1055 3873 30,
1079 3799 1164 3878 320),
1188 3799 1251 3858 358
1273 3790 1339 3884 πρὸ
1364 3796 1423 3862 σοῦ

178 3934 207 3991 p.
230 3906 314 3996 πρὸς
337 3910 395 3975 σοῦ
417 3911 485 3989 (eir.
510 3910 587 3984 746,
611 3902 702 3989 919),
734 3911 794 3971 707
826 3907 924 3995 ἀφεὶς
952 3903 1067 3975 ἑαυιόν
1093 3931 1122 3989 p.
1152 3907 1251 3996 ἀφεὶς
1278 3899 1422 3981 σεαυτόν,

180 4025 263 4085 1299
279 4020 332 4098 τίς
353 4045 382 4102 p.
396 4019 450 4098 τίς
473 4018 502 4085 o'
523 4023 592 4101 (ofr.
610 4021 644 4082 0.
657 4022 689 4083 0.
704 4023 767 4083 358
788 4018 839 4094 τίς
860 4043 889 4101 p.
903 4018 955 4094 τίς
971 4020 1011 4099 o',
1034 4022 1096 4084 652
1111 4014 1204 4094 ὄκνος
1218 4043 1247 4102 p.
1260 4013 1355 4095 ὄκνος
1372 4019 1422 4101 σ’),

180 4135 258 4219 (842
273 4129 412 4212 ἐνέπειν,
434 4135 519 4195 1015
535 4132 685 4219 γεννμῶν,
709 4134 793 4194 1510
808 4123 988 4214 ξύνενσον);
1012 4131 1062 4194 Αἱ.
1079 4132 1140 4193 153
1163 4124 1201 4197 od
1224 4135 1293 4204 σοῖς
1315 4135 1423 4211 μναῖς

180 4252 260 4329 σοῖς,
283 4247 361 4327 (299
383 4233 541 4332 κᾶρᾶχιζε
563 4266 591 4326 p.
614 4236 806 4334 κάρράχιζε,
835 4245 909 4308 Ant
933 4246 994 4308 681
1018 4231 1208 4330 κεκλήμεθα
1230 4265 1260 4324 p.
1282 4240 1420 4326 κεκλέμ-

178 4357 296 4442 μεθα),
318 4359 382 4420 893
394 4352 429 4422 ἐν
439 4362 546 4447 εκροῒς
567 4379 596 4439 p.
619 4354 652 4422 ἐν
675 4360 807 4447 νεκροῖς,
830 4359 893 4422 952
916 4349 956 4426 α’ἔν
980 4379 1010 4421 ιν
1032 4378 1060 4439 p.
1076 4346 1116 4422 div
1136 4377 1186 4421 νιν
1207 4356 1307 4436 (1230
1320 4354 1421 4439 μέσον

179 4492 207 4552 p.
228 4466 376 4551 μέσσον).
400 4506 441 4518 -
