2956 4934
670 306 712 365 69

585 404 791 424 ammom

104 595 207 667 XVI.
237 595 374 666 Mende
396 594 608 667 vioinorum
632 594 900 666 vooabnlornm
921 596 1049 683 gratia
1072 596 1280 669 commissa.

160 739 347 820 Reputanti‚
382 759 458 818 quae
480 739 549 817 quio
570 740 665 802 verba
687 738 769 800 inter
795 739 987 801 scribendum
1015 739 1141 820 legerit,
1176 762 1211 803 aa
1234 740 1326 804 eiad

73 855 195 930 tempus
218 852 307 931 quasi
327 852 361 913 in
382 852 527 914 memoria
548 852 687 926 haerere,
710 851 820 913 mirum
842 871 904 912 non
922 851 1086 927 videbitur,
1109 873 1200 933 saepe
1221 854 1255 916 in
1270 853 1324 916 eli·

74 983 164 1041 quam
191 964 292 1026 looum
326 965 576 1045 corrumpendum
608 963 743 1028 valuisse
771 964 908 1026 vicinum
936 963 1116 1026 vocabulum
1144 965 1196 1028 vel
1226 965 1324 1028 virini

72 1075 217 1138 vocabuli
250 1075 504 1139 terminationem
548 1077 663 1139 Verum
696 1096 758 1138 non
787 1077 885 1139 solum
917 1075 1102 1152 temeritate,
1145 1075 1198 1139 sed
1229 1077 1324 1139 etiam

72 1189 252 1267 ignorantia
273 1188 308 1249 in
335 1189 392 1252 hoo
419 1209 528 1268 genera
557 1192 716 1268 peecatum
745 1192 806 1263 est,
836 1209 904 1251 oum
931 1187 1054 1250 librarii
1084 1188 1213 1251 alienius
1234 1187 1323 1252 verbi

72 1299 224 1362 rationem
245 1319 404 1378 perperam
426 1300 613 1379 acciperent,
636 1301 722 1363 velut
740 1300 774 1363 Ο.
790 1301 828 1362 R.
854 1301 937 1362 1193
961 1291 998 1364 τδ
1020 1286 1077 1364 σόν
1098 1321 1151 1364 τοι
1174 1299 1323 1381 seriptum

73 1415 121 1473 est
142 1431 199 1489 pro
220 1401 276 1475 τδν
299 1396 357 1473 σόν
386 1432 435 1474 τοι
466 1414 592 1491 propter
620 1399 851 1501 παράδειγμα,
882 1411 966 1472 1195
998 1401 1115 1476 οὐδένα
1143 1432 1199 1491 Ρνο
1228 1401 1322 1477 οὐδέν

72 1526 199 1601 propter
220 1519 361 1608 βροτῶν.

157 1659 259 1720 Huius
289 1659 411 1739 generis
439 1665 512 1722 sunt
542 1660 616 1722 haoo
638 1660 732 1724 vitia:
765 1661 798 1722 0.
821 1661 854 1724 0.
877 1661 941 1722 320
971 1658 1124 1748 σημαίνει
1153 1682 1182 1742 Ρ.
1214 1657 1321 1727 σαίνει

71 1772 226 1851 (sequitur
254 1772 287 1833 in
316 1772 419 1835 eodem
446 1795 475 1836 v.
497 1770 684 1858 σημαίνει),
718 1775 780 1835 735
802 1766 962 1860 τηλικόνδ
985 1795 1014 1854 Ρ.
1036 1766 1201 1859 τηλικόσδ
1223 1774 1321 1858 (prae-

71 1885 153 1947 oedit
174 1873 279 1971 δίνδρα
301 1872 396 1949 τόνδε
419 1886 473 1948 ofr.
496 1885 530 1947 0.
553 1887 590 1947 R.
614 1887 675 1947 541
699 1874 852 1972 πλήθους
874 1906 902 1966 Ρ.
925 1873 1083 1961 πλούτου,
1118 1885 1198 1966 quod
1225 1907 1321 1948 amen·

70 1997 159 2059 davit
179 1996 284 2061 neseio
307 1996 377 2076 quis
399 2017 477 2060 anno
502 1998 599 2074 1803,
626 2002 752 2078 propter
774 1991 898 2084 πλῆθει
921 2020 950 2061 v.
973 2020 1033 2079 aq„
1060 1998 1102 2061 ib.
1125 1999 1188 2061 883
1213 1997 1321 2083 ῥᾷστα

71 2131 92 2170 α
115 2129 153 2170 ox
173 2129 211 2171 ον
234 2110 318 2171 fanto
340 2144 384 2156 -
406 2110 544 2188 sequitur
566 2103 621 2175 τὸν
642 2108 719 2190 βίον
742 2130 798 2191 -;
821 2111 862 2173 ib.
886 2111 972 2172 1214
993 2101 1051 2176 τδν
1072 2113 1264 2174 Hermannus
1286 2110 1320 2173 in

69 2242 103 2284 τε
126 2221 301 2284 emendavit
323 2221 525 2301 depravatum
546 2227 671 2303 propter
692 2213 819 2308 δίγαμον
841 2218 963 2310 γιίμον,·
987 2223 1028 2287 ib.
1041 2223 1104 2285 742
1126 2211 1263 2304 χνοοίζον
1285 2223 1319 2286 in

67 2322 214 2414 χιονίζων
235 2338 361 2413 propter
378 2328 487 2419 μέγας,
510 2332 702 2412 λαυκανθείς
724 2336 774 2398 vel
795 2336 908 2416 potius,
930 2341 967 2398 ut
982 2337 1113 2411 videtur,
1135 2325 1318 2421 λευκανθῆς

67 2446 100 2506 in
120 2441 302 2518 λευκανθές
329 2450 497 2509 correctum
524 2451 650 2527 propter
678 2439 792 2534 κιίρα);
823 2448 857 2509 0.
880 2447 913 2510 O.
936 2448 999 2509 816
1029 2447 1132 2512 τῶνδε
1158 2468 1187 2528 Ρ.
1209 2446 1314 2525 τοῦδε,

68 2556 140 2636 qnia
162 2557 196 2617 in
218 2558 373 2636 superiore
395 2579 424 2620 v.
443 2563 491 2619 est
512 2558 629 2635 τοῖνδε,
652 2559 715 2619 972
737 2555 907 2644 γενεθλίας
928 2580 956 2639 Ρ.
978 2556 1168 2645 γενεθλίους
1188 2562 1316 2638 propter

71 2661 233 2750 μιάσιας,
265 2670 348 2731 1050
377 2667 494 2751 σεμναί
531 2692 559 2751 p.
590 2662 710 2752 σεμνά,
740 2672 824 2733 1313
854 2667 943 2744 οἵους
971 2692 1001 2751 p.
1031 2659 1121 2747 οἶος,
1150 2671 1233 2733 1389
1263 2671 1320 2739 τοῦ
1357 2664 1360 2669 ’

71 2802 99 2861 Ρ.
121 2773 178 2861 τό,
210 2783 294 2844 1592
324 2779 530 2866 πολυσχίστφ
560 2804 589 2863 Ρ.
618 2779 864 2862 πολυσχίστιυν,
897 2783 981 2846 1514
1003 2779 1122 2848 πολλοὶ
1151 2804 1180 2865 Ρ.
1203 2776 1317 2850 πολλοί.

71 2893 120 2955 Ai.
135 2894 199 2954 205
222 2885 240 2956 δ
263 2891 363 2982 μέγας
384 2917 413 2976 Ρ.
426 2892 527 2980 μέγας
548 2900 674 2976 propter
696 2884 713 2958 ὁ
732 2887 846 2976 δεινός,
869 2895 934 2956 914
949 2885 967 2961 δ
984 2883 1176 2978 δυσώνυμος
1192 2902 1318 2977 propter

70 2994 353 3093 δδυστρυίττελος;
389 3008 451 3068 319
478 2998 695 3095 βαρυψίνχοος
723 3013 849 3088 propter
872 2999 981 3094 γίσυς,·
1017 3008 1080 3068 330
1111 3005 1228 3095 φίλοις
1261 3029 1318 3088 pro

69 3107 178 3203 λόγοις
199 3124 324 3200 propter
346 3116 466 3206 φίλους
492 3117 685 3186 3963λεσθέ
707 3112 740 3201 μ’
761 3117 876 3186 ἕλεσθέ
894 3113 925 3202 μ’
944 3141 999 3202 pro
1010 3118 1121 3185 ἕλεσθ’
1135 3116 1252 3185 ἓλεσθέ
1271 3116 1316 3200 μ’,

71 3232 133 3294 776
148 3234 218 3308 τοῖς
228 3252 256 3311 Ρ.
269 3253 332 3313 τοι,
355 3231 417 3294 941
432 3223 554 3321 ἀρτίως
568 3229 668 3318 φίλου
682 3253 773 3312 super
789 3254 835 3309 ως
853 3232 970 3312 scripto
982 3255 1020 3298 ου
1030 3233 1164 3294 fortasse
1176 3251 1194 3291 a
1204 3251 1242 3292 m.
1257 3250 1317 3311 pr.;

70 3345 155 3406 1022
178 3322 384 3430 ιδφελὴσιμδι
406 3364 435 3424 Ρ.
458 3332 664 3430 αίφτλήσιμα.
708 3345 756 3407 El.
771 3345 834 3406 124
856 3332 1053 3416 οἷθειοτοίτας
1074 3365 1103 3424 Ρ.
1126 3335 1316 3426 ἀθεώτατα,

69 3457 133 3518 308
155 3451 191 3520 ἐν
211 3458 280 3528 τοῖς
301 3477 330 3536 Ρ.
342 3449 376 3520 ἔν
397 3456 453 3520 roi
458 3502 467 3539 ,
492 3439 576 3518 1478
599 3455 666 3536 ζιῦν
688 3461 754 3531 τοῖς
777 3456 938 3523 θανοῦσιν
960 3479 988 3538 Ρ.
1001 3455 1127 3538 ζῶντας
1137 3455 1316 3541 θανοῦσιν;

69 3570 130 3630 991
154 3567 204 3650 τῷ
225 3555 349 3634 κλύοντι
371 3569 470 3632 dolato
493 3590 511 3630 a
533 3591 571 3636 m.
594 3591 639 3650 pr.
661 3570 709 3654 τῷ
730 3572 900 3650 (praecedit
919 3571 968 3656 τῴ
988 3567 1141 3658 λέγοντι),·
1165 3570 1240 3632 Ant.
1252 3570 1316 3632 527

69 3670 172 3768 δοίκρυ
200 3685 325 3761 propter
354 3670 542 3768 φιλάδελφα
571 3686 721 3744 mutatum
748 3684 783 3746 in
805 3674 929 3772 δοίκρυα
951 3685 1042 3763 (illud
1063 3685 1203 3748 restituit
1223 3685 1317 3764 Borg-

66 3793 165 3872 kins),
196 3793 258 3855 541
282 3791 479 3879 ποιουμένην
506 3817 534 3876 p.
557 3793 736 3883 ποιουμένη
767 3803 893 3878 propter
920 3791 1078 3882 ε’μαοτην,·
1114 3798 1176 3858 831
1200 3785 1316 3864 trinea

66 3927 95 3986 Ρ.
117 3902 249 3991 τέγγει
272 3911 398 3987 propter
419 3904 603 3989 τακομέναν
624 3909 658 3970 in
680 3931 708 3971 v.
731 3909 794 3970 828
818 3909 878 3988 (sio
901 3907 976 3970 O.C.
999 3908 1062 3968 945
1085 3897 1316 3992 κδίνανδρον

68 4023 245 4099 corruptum
268 4023 317 4081 est
339 4041 376 4081 ex
398 4013 551 4106 κδίναγνον
573 4021 782 4085 recordatione
804 4043 833 4085 v.
857 4023 935 4097 939,
963 4021 998 4082 0.
1019 4022 1057 4082 R.
1082 4006 1145 4081 722
1167 4023 1314 4087 θανεῖν

67 4153 104 4192 ax
115 4136 240 4197 παθεῖν
258 4133 465 4196 recordatione
476 4156 504 4196 v.
519 4135 598 4210 7133
620 4135 661 4196 ib.
674 4136 737 4196 305
755 4130 784 4200 εἰ
807 4131 863 4198 καί
885 4125 930 4220 μη
953 4155 991 4195 ax
1013 4129 1046 4196 εί
1067 4155 1101 4196 τι
1123 4125 1168 4217 μὴ
1190 4136 1315 4212 propter

66 4265 94 4306 v.
107 4244 171 4305 302
193 4240 224 4308 εί
246 4242 303 4308 καί
325 4237 371 4331 μη
391 4241 555 4326 βλίττεις);
581 4247 691 4310 Tracta
703 4247 766 4309 292
788 4238 830 4313 τοί
853 4242 890 4313 δὲ
912 4248 946 4310 in
967 4245 1034 4311 τῶν
1056 4241 1093 4311 δέ
1115 4245 1314 4325 depravatum

66 4361 194 4438 propter
214 4356 280 4422 τῶν
301 4353 371 4439 μέν,
395 4358 458 4419 675
481 4349 596 4444 aziriaco
619 4361 663 4440 (Ρ.
679 4350 804 4448 εὐέρου)
826 4351 930 4442 ντδκῳ,
953 4359 1018 4421 834
1040 4352 1126 4423 ἔτεκε
1147 4379 1176 4438 Ρ.
1199 4350 1314 4446 ἔτρεφε

65 4474 193 4550 propter
214 4463 344 4551 τέκετο,
372 4470 436 4532 966
459 4466 706 4557 προκηδομέναν
727 4492 757 4552 Ρ.
778 4467 1030 4560 προκηδομένα,
1055 4471 1138 4534 1071
1162 4461 1263 4544 ὅστις
1283 4490 1313 4554 Ρ.
