<?xml version="1.0" encoding="UTF-8"?>
<!DOCTYPE html PUBLIC "-//W3C//DTD XHTML 1.0 Transitional//EN"
    "http://www.w3.org/TR/xhtml1/DTD/xhtml1-transitional.dtd">
<html xmlns="http://www.w3.org/1999/xhtml" xml:lang="en" lang="en">
 <head>
  <title>
</title>
<meta http-equiv="Content-Type" content="text/html;charset=utf-8" />
  <meta name='ocr-system' content='tesseract 3.04.00' />
  <meta name='ocr-capabilities' content='ocr_page ocr_carea ocr_par ocr_line ocrx_word'/>
</head>
<body>
  <div class='ocr_page' id='page_1' title='image "arssophocliseme00weckgoog_0037.png"; bbox 0 0 2956 4934; ppageno 0'>
   <div class='ocr_carea' id='block_1_1' title="bbox 724 269 765 328">
    <p class='ocr_par' dir='ltr' id='par_1_1' title="bbox 724 269 765 328">
     <span class='ocr_line' id='line_1_1' title="bbox 724 269 765 328; baseline 0 0"><span class='ocrx_word' id='word_1_1' title='bbox 724 269 765 328; x_wconf 83' lang='lat'>18</span> 
     </span>
    </p>
   </div>
   <div class='ocr_carea' id='block_1_2' title="bbox 654 371 844 384">
    <p class='ocr_par' dir='ltr' id='par_1_2' title="bbox 654 371 844 384">
     <span class='ocr_line' id='line_1_2' title="bbox 654 371 844 384; baseline -0.005 0"><span class='ocrx_word' id='word_1_2' title='bbox 654 371 844 384; x_wconf 57' lang='lat' dir='ltr'>mrvmtwvvvvvvv·</span> 
     </span>
    </p>
   </div>
   <div class='ocr_carea' id='block_1_3' title="bbox 117 493 1366 2486">
    <p class='ocr_par' dir='ltr' id='par_1_3' title="bbox 118 493 1366 1684">
     <span class='ocr_line' id='line_1_3' title="bbox 206 493 1365 587; baseline -0.011 -22"><span class='ocrx_word' id='word_1_3' title='bbox 206 503 322 566; x_wconf 77' lang='lat' dir='ltr'>Contra</span> <span class='ocrx_word' id='word_1_4' title='bbox 352 507 467 564; x_wconf 87' lang='lat' dir='ltr'>reetam</span> <span class='ocrx_word' id='word_1_5' title='bbox 496 501 647 564; x_wconf 89' lang='lat' dir='ltr'>rationem</span> <span class='ocrx_word' id='word_1_6' title='bbox 678 523 695 560; x_wconf 89' lang='grc' dir='ltr'><em>ν</em></span> <span class='ocrx_word' id='word_1_7' title='bbox 723 496 946 587; x_wconf 77' lang='grc' dir='ltr'><em>ε’φελκοστ.</em></span> <span class='ocrx_word' id='word_1_8' title='bbox 977 503 1008 559; x_wconf 91' lang='lat' dir='ltr'>et</span> <span class='ocrx_word' id='word_1_9' title='bbox 1038 519 1050 559; x_wconf 92' lang='grc' dir='ltr'><em>ι</em></span> <span class='ocrx_word' id='word_1_10' title='bbox 1078 493 1365 576; x_wconf 81' lang='lat' dir='ltr'>paragogionm</span> 
     </span>
     <span class='ocr_line' id='line_1_4' title="bbox 121 607 1366 690; baseline -0.009 -13"><span class='ocrx_word' id='word_1_11' title='bbox 121 620 176 677; x_wconf 84' lang='lat' dir='ltr'>ant</span> <span class='ocrx_word' id='word_1_12' title='bbox 207 615 391 677; x_wconf 88' lang='lat' dir='ltr'>omittuntur</span> <span class='ocrx_word' id='word_1_13' title='bbox 421 618 475 675; x_wconf 87' lang='lat' dir='ltr'>ant</span> <span class='ocrx_word' id='word_1_14' title='bbox 501 613 654 674; x_wconf 85' lang='lat' dir='ltr'>adduntur</span> <span class='ocrx_word' id='word_1_15' title='bbox 682 609 969 690; x_wconf 65' lang='grc'>(1111016427,</span> <span class='ocrx_word' id='word_1_16' title='bbox 998 609 1060 669; x_wconf 87' lang='grc'>981</span> <span class='ocrx_word' id='word_1_17' title='bbox 1086 629 1102 666; x_wconf 92' lang='grc' dir='ltr'><em>ν</em></span> <span class='ocrx_word' id='word_1_18' title='bbox 1127 627 1184 667; x_wconf 90' lang='lat' dir='ltr'>om.</span> <span class='ocrx_word' id='word_1_19' title='bbox 1208 609 1280 666; x_wconf 89' lang='lat' dir='ltr'>ante</span> <span class='ocrx_word' id='word_1_20' title='bbox 1311 607 1366 688; x_wconf 77' lang='grc' dir='ltr'>βρ,</span> 
     </span>
     <span class='ocr_line' id='line_1_5' title="bbox 123 718 1365 803; baseline -0.006 -15"><span class='ocrx_word' id='word_1_21' title='bbox 123 728 205 789; x_wconf 94' lang='grc'>1047</span> <span class='ocrx_word' id='word_1_22' title='bbox 229 729 262 788; x_wconf 91' lang='lat' dir='ltr'>in</span> <span class='ocrx_word' id='word_1_23' title='bbox 284 721 372 791; x_wconf 74' lang='grc' dir='ltr'><em>ἔστιν</em></span> <span class='ocrx_word' id='word_1_24' title='bbox 394 745 654 803; x_wconf 77' lang='grc' dir='ltr'><em>1ιςνεο1.εοο.;</em></span> <span class='ocrx_word' id='word_1_25' title='bbox 678 724 749 798; x_wconf 84' lang='grc'>573,</span> <span class='ocrx_word' id='word_1_26' title='bbox 774 723 865 798; x_wconf 79' lang='grc'>1376,</span> <span class='ocrx_word' id='word_1_27' title='bbox 890 721 973 782; x_wconf 85' lang='grc'>1497</span> <span class='ocrx_word' id='word_1_28' title='bbox 997 741 1013 780; x_wconf 92' lang='grc' dir='ltr'><em>ν</em></span> <span class='ocrx_word' id='word_1_29' title='bbox 1036 719 1113 794; x_wconf 63' lang='lat' dir='ltr'>add„</span> <span class='ocrx_word' id='word_1_30' title='bbox 1137 718 1221 778; x_wconf 82' lang='lat'>1126</span> <span class='ocrx_word' id='word_1_31' title='bbox 1237 737 1365 790; x_wconf 84' lang='lat' dir='ltr'>erasum,</span> 
     </span>
     <span class='ocr_line' id='line_1_6' title="bbox 121 819 1366 927; baseline -0.01 -25"><span class='ocrx_word' id='word_1_32' title='bbox 121 841 155 902; x_wconf 92' lang='lat'>0.</span> <span class='ocrx_word' id='word_1_33' title='bbox 183 840 215 903; x_wconf 82' lang='lat'>0.</span> <span class='ocrx_word' id='word_1_34' title='bbox 247 840 332 901; x_wconf 92' lang='grc'>1074</span> <span class='ocrx_word' id='word_1_35' title='bbox 363 834 512 927; x_wconf 67' lang='grc' dir='ltr'><em>ἔρδουσα</em></span> <span class='ocrx_word' id='word_1_36' title='bbox 542 828 565 922; x_wconf 79' lang='grc' dir='ltr'><strong><em>ἧ</em></strong></span> <span class='ocrx_word' id='word_1_37' title='bbox 594 858 649 917; x_wconf 87' lang='lat' dir='ltr'>pro</span> <span class='ocrx_word' id='word_1_38' title='bbox 677 827 804 926; x_wconf 59' lang='grc' dir='ltr'><em>ἐρίοιο</em></span> <span class='ocrx_word' id='word_1_39' title='bbox 832 824 868 919; x_wconf 65' lang='grc' dir='ltr'>ἡ)</span> <span class='ocrx_word' id='word_1_40' title='bbox 908 833 943 895; x_wconf 91' lang='lat' dir='ltr'>O.</span> <span class='ocrx_word' id='word_1_41' title='bbox 964 834 1003 894; x_wconf 87' lang='lat' dir='ltr'>R.</span> <span class='ocrx_word' id='word_1_42' title='bbox 1034 832 1117 893; x_wconf 82' lang='lat'>1203</span> <span class='ocrx_word' id='word_1_43' title='bbox 1149 819 1277 914; x_wconf 80' lang='grc' dir='ltr'><em>Θήβαις</em></span> <span class='ocrx_word' id='word_1_44' title='bbox 1310 849 1366 907; x_wconf 88' lang='lat' dir='ltr'>pro</span> 
     </span>
     <span class='ocr_line' id='line_1_7' title="bbox 119 940 1366 1039; baseline -0.015 -20"><span class='ocrx_word' id='word_1_45' title='bbox 119 940 293 1039; x_wconf 70' lang='grc' dir='ltr'><em>Θήβαισιν,</em></span> <span class='ocrx_word' id='word_1_46' title='bbox 315 951 390 1012; x_wconf 89' lang='lat' dir='ltr'>Ant.</span> <span class='ocrx_word' id='word_1_47' title='bbox 402 950 465 1011; x_wconf 87' lang='grc'>847</span> <span class='ocrx_word' id='word_1_48' title='bbox 481 944 601 1014; x_wconf 82' lang='grc' dir='ltr'><em>οἵοισιν</em></span> <span class='ocrx_word' id='word_1_49' title='bbox 619 969 674 1028; x_wconf 87' lang='lat' dir='ltr'>pro</span> <span class='ocrx_word' id='word_1_50' title='bbox 695 943 788 1028; x_wconf 81' lang='grc' dir='ltr'><strong><em>οἵοις,</em></strong></span> <span class='ocrx_word' id='word_1_51' title='bbox 812 947 853 1007; x_wconf 85' lang='grc'>99</span> <span class='ocrx_word' id='word_1_52' title='bbox 867 943 997 1032; x_wconf 90' lang='grc' dir='ltr'><em>φίλοισι</em></span> <span class='ocrx_word' id='word_1_53' title='bbox 1010 964 1096 1006; x_wconf 87' lang='lat' dir='ltr'>eraso</span> <span class='ocrx_word' id='word_1_54' title='bbox 1113 945 1197 1021; x_wconf 91' lang='grc' dir='ltr'><em>ι).-</em></span> <span class='ocrx_word' id='word_1_55' title='bbox 1219 942 1366 1005; x_wconf 85' lang='lat' dir='ltr'>Vooalem</span> 
     </span>
     <span class='ocr_line' id='line_1_8' title="bbox 119 1051 1364 1143; baseline -0.013 -13"><span class='ocrx_word' id='word_1_56' title='bbox 119 1088 135 1130; x_wconf 86' lang='grc' dir='ltr'><em>ε</em></span> <span class='ocrx_word' id='word_1_57' title='bbox 155 1084 301 1143; x_wconf 86' lang='lat' dir='ltr'>personae</span> <span class='ocrx_word' id='word_1_58' title='bbox 322 1064 434 1125; x_wconf 86' lang='lat' dir='ltr'>tertiae</span> <span class='ocrx_word' id='word_1_59' title='bbox 455 1082 609 1141; x_wconf 87' lang='lat' dir='ltr'>nunquam</span> <span class='ocrx_word' id='word_1_60' title='bbox 630 1066 701 1122; x_wconf 89' lang='lat' dir='ltr'>ante</span> <span class='ocrx_word' id='word_1_61' title='bbox 723 1051 763 1126; x_wconf 80' lang='grc' dir='ltr'><em>ἀν</em></span> <span class='ocrx_word' id='word_1_62' title='bbox 782 1059 861 1138; x_wconf 88' lang='lat' dir='ltr'>apud</span> <span class='ocrx_word' id='word_1_63' title='bbox 872 1058 996 1120; x_wconf 79' lang='lat' dir='ltr'>Atticos</span> <span class='ocrx_word' id='word_1_64' title='bbox 1019 1061 1125 1137; x_wconf 84' lang='lat' dir='ltr'>poetas</span> <span class='ocrx_word' id='word_1_65' title='bbox 1148 1055 1228 1129; x_wconf 90' lang='lat' dir='ltr'>elidi,</span> <span class='ocrx_word' id='word_1_66' title='bbox 1252 1055 1364 1115; x_wconf 83' lang='lat' dir='ltr'>falsam</span> 
     </span>
     <span class='ocr_line' id='line_1_9' title="bbox 118 1159 1365 1256; baseline -0.009 -18"><span class='ocrx_word' id='word_1_67' title='bbox 118 1177 217 1256; x_wconf 82' lang='lat' dir='ltr'>igitur</span> <span class='ocrx_word' id='word_1_68' title='bbox 232 1176 360 1238; x_wconf 83' lang='lat' dir='ltr'>Heathii</span> <span class='ocrx_word' id='word_1_69' title='bbox 382 1175 585 1236; x_wconf 88' lang='lat' dir='ltr'>eonieotnram</span> <span class='ocrx_word' id='word_1_70' title='bbox 608 1193 673 1235; x_wconf 84' lang='lat' dir='ltr'>esse</span> <span class='ocrx_word' id='word_1_71' title='bbox 689 1173 738 1234; x_wconf 85' lang='lat' dir='ltr'>El</span> <span class='ocrx_word' id='word_1_72' title='bbox 752 1171 817 1232; x_wconf 86' lang='grc'>914</span> <span class='ocrx_word' id='word_1_73' title='bbox 832 1162 983 1236; x_wconf 70' lang='grc' dir='ltr'><em>ἐλάνθαν’</em></span> <span class='ocrx_word' id='word_1_74' title='bbox 1006 1159 1062 1248; x_wconf 79' lang='grc' dir='ltr'><em>ἀν,</em></span> <span class='ocrx_word' id='word_1_75' title='bbox 1084 1189 1173 1247; x_wconf 90' lang='lat' dir='ltr'>quam</span> <span class='ocrx_word' id='word_1_76' title='bbox 1187 1168 1365 1229; x_wconf 86' lang='lat' dir='ltr'>Dindorfius</span> 
     </span>
     <span class='ocr_line' id='line_1_10' title="bbox 118 1279 1365 1367; baseline -0.006 -18"><span class='ocrx_word' id='word_1_77' title='bbox 118 1289 249 1367; x_wconf 83' lang='lat' dir='ltr'>recepit,</span> <span class='ocrx_word' id='word_1_78' title='bbox 271 1288 390 1349; x_wconf 88' lang='lat' dir='ltr'>monuit</span> <span class='ocrx_word' id='word_1_79' title='bbox 410 1286 577 1348; x_wconf 83' lang='lat' dir='ltr'>Elmsleins</span> <span class='ocrx_word' id='word_1_80' title='bbox 600 1285 638 1346; x_wconf 88' lang='lat' dir='ltr'>ad</span> <span class='ocrx_word' id='word_1_81' title='bbox 661 1287 733 1346; x_wconf 86' lang='lat' dir='ltr'>Eur.</span> <span class='ocrx_word' id='word_1_82' title='bbox 755 1284 833 1345; x_wconf 84' lang='lat' dir='ltr'>Med.</span> <span class='ocrx_word' id='word_1_83' title='bbox 855 1284 919 1344; x_wconf 87' lang='grc'>416</span> <span class='ocrx_word' id='word_1_84' title='bbox 944 1283 1011 1365; x_wconf 86' lang='lat' dir='ltr'>(ofr.</span> <span class='ocrx_word' id='word_1_85' title='bbox 1033 1280 1149 1343; x_wconf 80' lang='lat' dir='ltr'><strong>Nauck.</strong></span> <span class='ocrx_word' id='word_1_86' title='bbox 1172 1279 1241 1341; x_wconf 84' lang='lat' dir='ltr'>Cur.</span> <span class='ocrx_word' id='word_1_87' title='bbox 1256 1281 1365 1359; x_wconf 87' lang='lat' dir='ltr'>Enrip.</span> 
     </span>
     <span class='ocr_line' id='line_1_11' title="bbox 119 1387 1365 1480; baseline -0.006 -19"><span class='ocrx_word' id='word_1_88' title='bbox 119 1401 149 1475; x_wconf 91' lang='lat'>1,</span> <span class='ocrx_word' id='word_1_89' title='bbox 172 1400 227 1475; x_wconf 75' lang='lat'>223</span> <span class='ocrx_word' id='word_1_90' title='bbox 249 1400 297 1473; x_wconf 91' lang='lat' dir='ltr'>II,</span> <span class='ocrx_word' id='word_1_91' title='bbox 322 1398 409 1480; x_wconf 82' lang='lat'>182).</span> <span class='ocrx_word' id='word_1_92' title='bbox 453 1399 623 1460; x_wconf 84' lang='lat' dir='ltr'>Elmsleins</span> <span class='ocrx_word' id='word_1_93' title='bbox 647 1397 780 1460; x_wconf 89' lang='lat' dir='ltr'>oonieoit</span> <span class='ocrx_word' id='word_1_94' title='bbox 802 1387 842 1461; x_wconf 79' lang='grc' dir='ltr'><em>ἀν</em></span> <span class='ocrx_word' id='word_1_95' title='bbox 864 1389 985 1460; x_wconf 74' lang='grc' dir='ltr'><em>ἔλαθεν</em></span> <span class='ocrx_word' id='word_1_96' title='bbox 1009 1387 1065 1472; x_wconf 86' lang='grc' dir='ltr'><em>ἀν,</em></span> <span class='ocrx_word' id='word_1_97' title='bbox 1088 1415 1144 1472; x_wconf 84' lang='lat' dir='ltr'>ego</span> <span class='ocrx_word' id='word_1_98' title='bbox 1166 1393 1306 1470; x_wconf 79' lang='lat' dir='ltr'>cogitavi</span> <span class='ocrx_word' id='word_1_99' title='bbox 1328 1394 1365 1454; x_wconf 78' lang='lat' dir='ltr'>&lt;le</span> 
     </span>
     <span class='ocr_line' id='line_1_12' title="bbox 120 1502 1365 1594; baseline -0.006 -19"><span class='ocrx_word' id='word_1_100' title='bbox 120 1505 236 1594; x_wconf 77' lang='grc' dir='ltr'><em>ἐληθεν</em></span> <span class='ocrx_word' id='word_1_101' title='bbox 259 1502 312 1587; x_wconf 81' lang='grc' dir='ltr'><em>ἀν,</em></span> <span class='ocrx_word' id='word_1_102' title='bbox 335 1511 414 1590; x_wconf 88' lang='lat' dir='ltr'>qnod</span> <span class='ocrx_word' id='word_1_103' title='bbox 435 1531 515 1574; x_wconf 93' lang='lat' dir='ltr'>nnno</span> <span class='ocrx_word' id='word_1_104' title='bbox 538 1511 599 1572; x_wconf 91' lang='lat' dir='ltr'>iam</span> <span class='ocrx_word' id='word_1_105' title='bbox 621 1509 806 1594; x_wconf 84' lang='lat' dir='ltr'>Meinakium</span> <span class='ocrx_word' id='word_1_106' title='bbox 828 1508 1024 1588; x_wconf 83' lang='lat' dir='ltr'>proposuisse</span> <span class='ocrx_word' id='word_1_107' title='bbox 1035 1506 1141 1582; x_wconf 82' lang='lat' dir='ltr'>video,</span> <span class='ocrx_word' id='word_1_108' title='bbox 1163 1506 1217 1567; x_wconf 86' lang='lat' dir='ltr'>sed</span> <span class='ocrx_word' id='word_1_109' title='bbox 1235 1527 1365 1585; x_wconf 80' lang='lat' dir='ltr'>graecus</span> 
     </span>
     <span class='ocr_line' id='line_1_13' title="bbox 118 1612 762 1684; baseline -0.002 -2"><span class='ocrx_word' id='word_1_110' title='bbox 118 1641 226 1683; x_wconf 80' lang='lat' dir='ltr'>sensus</span> <span class='ocrx_word' id='word_1_111' title='bbox 248 1641 282 1682; x_wconf 94' lang='lat' dir='ltr'>eo</span> <span class='ocrx_word' id='word_1_112' title='bbox 303 1622 370 1684; x_wconf 81' lang='lat' dir='ltr'>loeo</span> <span class='ocrx_word' id='word_1_113' title='bbox 394 1612 433 1684; x_wconf 84' lang='grc' dir='ltr'><em>ἀν</em></span> <span class='ocrx_word' id='word_1_114' title='bbox 455 1642 516 1684; x_wconf 91' lang='lat' dir='ltr'>non</span> <span class='ocrx_word' id='word_1_115' title='bbox 537 1621 697 1683; x_wconf 82' lang='lat' dir='ltr'>desiderat</span> <span class='ocrx_word' id='word_1_116' title='bbox 720 1657 762 1667; x_wconf 91' lang='lat'>—</span> 
     </span>
    </p>

    <p class='ocr_par' dir='ltr' id='par_1_4' title="bbox 117 1721 1365 2154">
     <span class='ocr_line' id='line_1_14' title="bbox 204 1721 1365 1820; baseline -0.003 -26"><span class='ocrx_word' id='word_1_117' title='bbox 204 1733 282 1795; x_wconf 88' lang='lat' dir='ltr'>lllud</span> <span class='ocrx_word' id='word_1_118' title='bbox 304 1754 321 1794; x_wconf 93' lang='grc' dir='ltr'><em>ν</em></span> <span class='ocrx_word' id='word_1_119' title='bbox 343 1727 457 1820; x_wconf 79' lang='grc' dir='ltr'><em>ἐφελκ.</em></span> <span class='ocrx_word' id='word_1_120' title='bbox 480 1734 624 1796; x_wconf 85' lang='lat' dir='ltr'>omissum</span> <span class='ocrx_word' id='word_1_121' title='bbox 653 1738 702 1794; x_wconf 91' lang='lat' dir='ltr'>est</span> <span class='ocrx_word' id='word_1_122' title='bbox 728 1731 838 1794; x_wconf 84' lang='grc' dir='ltr'><em>Τνοοίι.</em></span> <span class='ocrx_word' id='word_1_123' title='bbox 862 1730 904 1792; x_wconf 82' lang='grc'>47</span> <span class='ocrx_word' id='word_1_124' title='bbox 926 1731 946 1792; x_wconf 94' lang='lat' dir='ltr'>i.</span> <span class='ocrx_word' id='word_1_125' title='bbox 970 1751 993 1791; x_wconf 88' lang='lat' dir='ltr'>e.</span> <span class='ocrx_word' id='word_1_126' title='bbox 1017 1723 1140 1809; x_wconf 77' lang='grc' dir='ltr'><strong><em>ἔστειχε</em></strong></span> <span class='ocrx_word' id='word_1_127' title='bbox 1161 1721 1219 1814; x_wconf 70' lang='grc' dir='ltr'><em>τήν</em></span> <span class='ocrx_word' id='word_1_128' title='bbox 1247 1735 1365 1791; x_wconf 89' lang='lat' dir='ltr'>mntan·</span> 
     </span>
     <span class='ocr_line' id='line_1_15' title="bbox 118 1831 1363 1930; baseline -0.002 -22"><span class='ocrx_word' id='word_1_129' title='bbox 118 1846 189 1908; x_wconf 84' lang='lat' dir='ltr'>dum</span> <span class='ocrx_word' id='word_1_130' title='bbox 208 1846 243 1907; x_wconf 92' lang='lat' dir='ltr'>in</span> <span class='ocrx_word' id='word_1_131' title='bbox 265 1839 407 1925; x_wconf 76' lang='grc' dir='ltr'><em>ἔστειχεν</em></span> <span class='ocrx_word' id='word_1_132' title='bbox 428 1834 476 1930; x_wconf 79' lang='grc' dir='ltr'><em>ἣν.</em></span> <span class='ocrx_word' id='word_1_133' title='bbox 520 1845 671 1906; x_wconf 77' lang='lat' dir='ltr'>Similiter</span> <span class='ocrx_word' id='word_1_134' title='bbox 698 1845 730 1904; x_wconf 94' lang='lat' dir='ltr'>in</span> <span class='ocrx_word' id='word_1_135' title='bbox 744 1844 840 1924; x_wconf 70' lang='lat' dir='ltr'>frym.</span> <span class='ocrx_word' id='word_1_136' title='bbox 864 1842 986 1918; x_wconf 85' lang='grc'>470,2</span> <span class='ocrx_word' id='word_1_137' title='bbox 1016 1841 1207 1903; x_wconf 81' lang='lat' dir='ltr'>scribendum</span> <span class='ocrx_word' id='word_1_138' title='bbox 1237 1833 1275 1906; x_wconf 81' lang='grc' dir='ltr'>οὐ</span> <span class='ocrx_word' id='word_1_139' title='bbox 1301 1831 1363 1927; x_wconf 82' lang='grc' dir='ltr'>γάρ</span> 
     </span>
     <span class='ocr_line' id='line_1_16' title="bbox 117 1944 1364 2044; baseline -0.006 -20"><span class='ocrx_word' id='word_1_140' title='bbox 117 1978 167 2031; x_wconf 73' lang='grc' dir='ltr'>τις</span> <span class='ocrx_word' id='word_1_141' title='bbox 189 1947 229 2024; x_wconf 81' lang='grc' dir='ltr'><em>ἀν</em></span> <span class='ocrx_word' id='word_1_142' title='bbox 250 1949 384 2022; x_wconf 76' lang='grc' dir='ltr'><em>δύναιτο</em></span> <span class='ocrx_word' id='word_1_143' title='bbox 407 1950 583 2044; x_wconf 79' lang='grc' dir='ltr'><em>πρῳρανὴς</em></span> <span class='ocrx_word' id='word_1_144' title='bbox 605 1954 745 2041; x_wconf 79' lang='grc' dir='ltr'><em>στρατοῦ</em></span> <span class='ocrx_word' id='word_1_145' title='bbox 766 1958 833 2031; x_wconf 76' lang='grc' dir='ltr'><em>τοῖς</em></span> <span class='ocrx_word' id='word_1_146' title='bbox 855 1955 957 2019; x_wconf 81' lang='grc' dir='ltr'><em>πᾶσιν</em></span> <span class='ocrx_word' id='word_1_147' title='bbox 978 1944 1067 2033; x_wconf 74' lang='grc' dir='ltr'><em>εἶξαι</em></span> <span class='ocrx_word' id='word_1_148' title='bbox 1090 1953 1164 2035; x_wconf 85' lang='lat' dir='ltr'>(pro</span> <span class='ocrx_word' id='word_1_149' title='bbox 1187 1956 1254 2025; x_wconf 74' lang='grc' dir='ltr'><em>τοῖς</em></span> <span class='ocrx_word' id='word_1_150' title='bbox 1280 1953 1364 2018; x_wconf 82' lang='grc' dir='ltr'><em>πᾶσι</em></span> 
     </span>
     <span class='ocr_line' id='line_1_17' title="bbox 121 2061 758 2154; baseline -0.013 -20"><span class='ocrx_word' id='word_1_151' title='bbox 121 2065 239 2153; x_wconf 81' lang='grc' dir='ltr'><em>δεῖξαι)</em></span> <span class='ocrx_word' id='word_1_152' title='bbox 262 2066 319 2131; x_wconf 81' lang='grc' dir='ltr'><em>καὶ</em></span> <span class='ocrx_word' id='word_1_153' title='bbox 341 2062 566 2154; x_wconf 80' lang='grc' dir='ltr'><em>προσαρκέσαι</em></span> <span class='ocrx_word' id='word_1_154' title='bbox 588 2061 692 2153; x_wconf 78' lang='grc' dir='ltr'><em>χάριν.</em></span> <span class='ocrx_word' id='word_1_155' title='bbox 716 2103 758 2112; x_wconf 87' lang='grc'>-</span> 
     </span>
    </p>

    <p class='ocr_par' dir='ltr' id='par_1_5' title="bbox 118 2173 1364 2486">
     <span class='ocr_line' id='line_1_18' title="bbox 204 2173 1364 2258; baseline -0.004 -16"><span class='ocrx_word' id='word_1_156' title='bbox 204 2178 354 2242; x_wconf 84' lang='lat' dir='ltr'>Additum</span> <span class='ocrx_word' id='word_1_157' title='bbox 366 2200 377 2241; x_wconf 92' lang='grc' dir='ltr'><em>ι</em></span> <span class='ocrx_word' id='word_1_158' title='bbox 389 2178 607 2258; x_wconf 83' lang='lat' dir='ltr'>paragogionm</span> <span class='ocrx_word' id='word_1_159' title='bbox 618 2178 801 2240; x_wconf 87' lang='lat' dir='ltr'>detrimento</span> <span class='ocrx_word' id='word_1_160' title='bbox 813 2178 875 2239; x_wconf 85' lang='lat' dir='ltr'>fnit</span> <span class='ocrx_word' id='word_1_161' title='bbox 885 2179 979 2241; x_wconf 82' lang='lat' dir='ltr'>verbo</span> <span class='ocrx_word' id='word_1_162' title='bbox 993 2176 1167 2258; x_wconf 78' lang='lat' dir='ltr'>insequenti</span> <span class='ocrx_word' id='word_1_163' title='bbox 1180 2173 1364 2256; x_wconf 79' lang='lat'><strong><em>0.0.1266‚</em></strong></span> 
     </span>
     <span class='ocr_line' id='line_1_19' title="bbox 118 2277 1364 2376; baseline -0.004 -23"><span class='ocrx_word' id='word_1_164' title='bbox 118 2291 172 2354; x_wconf 88' lang='lat' dir='ltr'>nbi</span> <span class='ocrx_word' id='word_1_165' title='bbox 193 2281 283 2376; x_wconf 81' lang='grc' dir='ltr'><em>ἥκειν</em></span> <span class='ocrx_word' id='word_1_166' title='bbox 304 2290 417 2353; x_wconf 85' lang='lat' dir='ltr'>multos</span> <span class='ocrx_word' id='word_1_167' title='bbox 440 2290 580 2365; x_wconf 85' lang='lat' dir='ltr'>vexavit,</span> <span class='ocrx_word' id='word_1_168' title='bbox 604 2311 695 2369; x_wconf 91' lang='lat' dir='ltr'>quum</span> <span class='ocrx_word' id='word_1_169' title='bbox 717 2294 748 2351; x_wconf 91' lang='lat' dir='ltr'>et</span> <span class='ocrx_word' id='word_1_170' title='bbox 769 2289 983 2371; x_wconf 83' lang='lat' dir='ltr'>praecedentia</span> <span class='ocrx_word' id='word_1_171' title='bbox 997 2281 1150 2364; x_wconf 78' lang='grc' dir='ltr'><em>κάκιστος</em></span> <span class='ocrx_word' id='word_1_172' title='bbox 1172 2277 1364 2375; x_wconf 73' lang='grc' dir='ltr'><em>ἀνθρώπων</em></span> 
     </span>
     <span class='ocr_line' id='line_1_20' title="bbox 118 2390 1364 2486; baseline -0.006 -20"><span class='ocrx_word' id='word_1_173' title='bbox 118 2408 151 2467; x_wconf 89' lang='lat' dir='ltr'>et</span> <span class='ocrx_word' id='word_1_174' title='bbox 172 2424 249 2485; x_wconf 83' lang='lat' dir='ltr'>qnae</span> <span class='ocrx_word' id='word_1_175' title='bbox 270 2407 438 2483; x_wconf 85' lang='lat' dir='ltr'>sequuntur</span> <span class='ocrx_word' id='word_1_176' title='bbox 459 2394 549 2484; x_wconf 80' lang='grc' dir='ltr'>νάμά</span> <span class='ocrx_word' id='word_1_177' title='bbox 573 2401 631 2486; x_wconf 87' lang='lat' dir='ltr'>(sio</span> <span class='ocrx_word' id='word_1_178' title='bbox 653 2407 735 2465; x_wconf 89' lang='lat' dir='ltr'>reete</span> <span class='ocrx_word' id='word_1_179' title='bbox 758 2403 906 2464; x_wconf 82' lang='lat' dir='ltr'>Raiskius</span> <span class='ocrx_word' id='word_1_180' title='bbox 928 2422 983 2481; x_wconf 88' lang='lat' dir='ltr'>pro</span> <span class='ocrx_word' id='word_1_181' title='bbox 1007 2393 1126 2482; x_wconf 84' lang='grc' dir='ltr'><em>νάλλα)</em></span> <span class='ocrx_word' id='word_1_182' title='bbox 1148 2392 1193 2484; x_wconf 75' lang='grc' dir='ltr'>μὴ</span> <span class='ocrx_word' id='word_1_183' title='bbox 1208 2391 1237 2480; x_wconf 81' lang='grc' dir='ltr'>’ξ</span> <span class='ocrx_word' id='word_1_184' title='bbox 1253 2390 1364 2463; x_wconf 83' lang='grc' dir='ltr'><em>ἀλλων</em></span> 
     </span>
    </p>
   </div>
   <div class='ocr_carea' id='block_1_4' title="bbox 115 2503 1366 3155">
    <p class='ocr_par' dir='ltr' id='par_1_6' title="bbox 115 2503 1366 2935">
     <span class='ocr_line' id='line_1_21' title="bbox 118 2503 1363 2603; baseline -0.007 -22"><span class='ocrx_word' id='word_1_185' title='bbox 118 2508 233 2603; x_wconf 69' lang='grc' dir='ltr'><em>πίθῃ,</em></span> <span class='ocrx_word' id='word_1_186' title='bbox 256 2517 362 2580; x_wconf 87' lang='lat' dir='ltr'>dooere</span> <span class='ocrx_word' id='word_1_187' title='bbox 383 2519 510 2595; x_wconf 82' lang='lat' dir='ltr'>possent</span> <span class='ocrx_word' id='word_1_188' title='bbox 532 2515 605 2595; x_wconf 89' lang='lat' dir='ltr'>quid</span> <span class='ocrx_word' id='word_1_189' title='bbox 627 2515 673 2576; x_wconf 86' lang='lat' dir='ltr'>rei</span> <span class='ocrx_word' id='word_1_190' title='bbox 695 2519 783 2576; x_wconf 88' lang='lat' dir='ltr'>esset.</span> <span class='ocrx_word' id='word_1_191' title='bbox 825 2513 1023 2577; x_wconf 85' lang='lat' dir='ltr'>Seribendnm</span> <span class='ocrx_word' id='word_1_192' title='bbox 1045 2517 1117 2584; x_wconf 78' lang='grc' dir='ltr'><em>ταῖς</em></span> <span class='ocrx_word' id='word_1_193' title='bbox 1139 2516 1212 2586; x_wconf 76' lang='grc' dir='ltr'><em>σαῖς</em></span> <span class='ocrx_word' id='word_1_194' title='bbox 1234 2503 1363 2576; x_wconf 76' lang='grc' dir='ltr'><em>ἀκούειν</em></span> 
     </span>
     <span class='ocr_line' id='line_1_22' title="bbox 118 2617 1366 2715; baseline -0.006 -24"><span class='ocrx_word' id='word_1_195' title='bbox 118 2629 186 2713; x_wconf 85' lang='lat' dir='ltr'>(ofr.</span> <span class='ocrx_word' id='word_1_196' title='bbox 217 2629 258 2690; x_wconf 92' lang='lat' dir='ltr'>ib.</span> <span class='ocrx_word' id='word_1_197' title='bbox 288 2629 352 2690; x_wconf 81' lang='lat'>988</span> <span class='ocrx_word' id='word_1_198' title='bbox 386 2618 424 2693; x_wconf 82' lang='grc' dir='ltr'>οὗ</span> <span class='ocrx_word' id='word_1_199' title='bbox 457 2618 517 2715; x_wconf 86' lang='grc' dir='ltr'>γάρ</span> <span class='ocrx_word' id='word_1_200' title='bbox 539 2663 580 2672; x_wconf 94' lang='grc'><strong>-</strong></span> <span class='ocrx_word' id='word_1_201' title='bbox 603 2623 636 2690; x_wconf 82' lang='grc' dir='ltr'><em>ἐν</em></span> <span class='ocrx_word' id='word_1_202' title='bbox 670 2622 771 2692; x_wconf 80' lang='grc' dir='ltr'><em>τοῖσδ’</em></span> <span class='ocrx_word' id='word_1_203' title='bbox 805 2618 987 2707; x_wconf 76' lang='grc' dir='ltr'><em>ἀκούσομαι</em></span> <span class='ocrx_word' id='word_1_204' title='bbox 1020 2618 1117 2698; x_wconf 79' lang='grc' dir='ltr'><em>κακὸς</em></span> <span class='ocrx_word' id='word_1_205' title='bbox 1148 2617 1301 2710; x_wconf 74' lang='grc' dir='ltr'><em>γάμοισιν</em></span> <span class='ocrx_word' id='word_1_206' title='bbox 1335 2629 1366 2685; x_wconf 89' lang='lat' dir='ltr'>et</span> 
     </span>
     <span class='ocr_line' id='line_1_23' title="bbox 119 2724 1365 2823; baseline -0.005 -21"><span class='ocrx_word' id='word_1_207' title='bbox 119 2724 217 2804; x_wconf 66' lang='grc'>(1.6.</span> <span class='ocrx_word' id='word_1_208' title='bbox 240 2739 302 2802; x_wconf 90' lang='grc'>521</span> <span class='ocrx_word' id='word_1_209' title='bbox 326 2759 370 2823; x_wconf 78' lang='grc' dir='ltr'>ιφ.</span> <span class='ocrx_word' id='word_1_210' title='bbox 402 2731 502 2814; x_wconf 80' lang='grc' dir='ltr'><em>κακὸς</em></span> <span class='ocrx_word' id='word_1_211' title='bbox 528 2774 571 2784; x_wconf 91' lang='grc'><strong>-</strong></span> <span class='ocrx_word' id='word_1_212' title='bbox 602 2726 819 2823; x_wconf 74' lang='grc' dir='ltr'><em>κεκλήσομαι,</em></span> <span class='ocrx_word' id='word_1_213' title='bbox 852 2739 906 2800; x_wconf 89' lang='lat' dir='ltr'>nbi</span> <span class='ocrx_word' id='word_1_214' title='bbox 937 2739 1008 2801; x_wconf 87' lang='lat' dir='ltr'>vide</span> <span class='ocrx_word' id='word_1_215' title='bbox 1034 2759 1073 2799; x_wconf 88' lang='lat' dir='ltr'>no</span> <span class='ocrx_word' id='word_1_216' title='bbox 1103 2737 1227 2799; x_wconf 87' lang='lat' dir='ltr'>restitui</span> <span class='ocrx_word' id='word_1_217' title='bbox 1256 2736 1365 2798; x_wconf 87' lang='lat' dir='ltr'>debeat</span> 
     </span>
     <span class='ocr_line' id='line_1_24' title="bbox 115 2838 1094 2935; baseline -0.005 -18"><span class='ocrx_word' id='word_1_218' title='bbox 115 2840 302 2931; x_wconf 81' lang='grc' dir='ltr'><em>ἀκούσομαι</em></span> <span class='ocrx_word' id='word_1_219' title='bbox 325 2851 406 2930; x_wconf 85' lang='lat' dir='ltr'>quod</span> <span class='ocrx_word' id='word_1_220' title='bbox 428 2851 508 2912; x_wconf 86' lang='lat' dir='ltr'>solet</span> <span class='ocrx_word' id='word_1_221' title='bbox 530 2849 696 2929; x_wconf 84' lang='lat' dir='ltr'>permutari</span> <span class='ocrx_word' id='word_1_222' title='bbox 720 2870 787 2911; x_wconf 87' lang='lat' dir='ltr'>oum</span> <span class='ocrx_word' id='word_1_223' title='bbox 810 2838 1030 2935; x_wconf 78' lang='grc' dir='ltr'><em>κεκλήσομαι).</em></span> <span class='ocrx_word' id='word_1_224' title='bbox 1052 2884 1094 2894; x_wconf 92' lang='grc'>-</span> 
     </span>
    </p>

    <p class='ocr_par' dir='ltr' id='par_1_7' title="bbox 116 2952 1364 3155">
     <span class='ocr_line' id='line_1_25' title="bbox 201 2952 1363 3045; baseline -0.001 -20"><span class='ocrx_word' id='word_1_225' title='bbox 201 2962 306 3025; x_wconf 84' lang='lat' dir='ltr'>Etiam</span> <span class='ocrx_word' id='word_1_226' title='bbox 331 2961 415 3026; x_wconf 82' lang='lat' dir='ltr'><strong><em>0.R.</em></strong></span> <span class='ocrx_word' id='word_1_227' title='bbox 434 2961 498 3025; x_wconf 89' lang='grc'>517</span> <span class='ocrx_word' id='word_1_228' title='bbox 520 2963 601 3025; x_wconf 89' lang='lat' dir='ltr'>illud</span> <span class='ocrx_word' id='word_1_229' title='bbox 623 2984 653 3026; x_wconf 94' lang='grc' dir='ltr'><em>ιν</em></span> <span class='ocrx_word' id='word_1_230' title='bbox 676 2962 902 3024; x_wconf 86' lang='lat' dir='ltr'>terminationis</span> <span class='ocrx_word' id='word_1_231' title='bbox 925 2962 1066 3025; x_wconf 81' lang='lat' dir='ltr'>vocabuli</span> <span class='ocrx_word' id='word_1_232' title='bbox 1087 2952 1229 3045; x_wconf 76' lang='grc' dir='ltr'><em>ίλγοισιν</em></span> <span class='ocrx_word' id='word_1_233' title='bbox 1251 2963 1363 3041; x_wconf 85' lang='lat' dir='ltr'>gratia,</span> 
     </span>
     <span class='ocr_line' id='line_1_26' title="bbox 116 3074 1364 3155; baseline 0 -18"><span class='ocrx_word' id='word_1_234' title='bbox 116 3074 196 3155; x_wconf 85' lang='lat' dir='ltr'>qnod</span> <span class='ocrx_word' id='word_1_235' title='bbox 214 3076 282 3137; x_wconf 86' lang='lat' dir='ltr'>fieri</span> <span class='ocrx_word' id='word_1_236' title='bbox 304 3076 402 3139; x_wconf 85' lang='lat' dir='ltr'>solere</span> <span class='ocrx_word' id='word_1_237' title='bbox 424 3076 506 3138; x_wconf 84' lang='lat' dir='ltr'>infra</span> <span class='ocrx_word' id='word_1_238' title='bbox 527 3075 716 3151; x_wconf 81' lang='lat' dir='ltr'>videbimus,</span> <span class='ocrx_word' id='word_1_239' title='bbox 739 3075 875 3136; x_wconf 85' lang='lat' dir='ltr'>additum</span> <span class='ocrx_word' id='word_1_240' title='bbox 898 3075 966 3152; x_wconf 80' lang='lat' dir='ltr'>(cfr.</span> <span class='ocrx_word' id='word_1_241' title='bbox 987 3075 1096 3136; x_wconf 80' lang='lat' dir='ltr'>Traeh.</span> <span class='ocrx_word' id='word_1_242' title='bbox 1111 3075 1171 3134; x_wconf 88' lang='grc'>101</span> <span class='ocrx_word' id='word_1_243' title='bbox 1196 3074 1364 3139; x_wconf 80' lang='grc' dir='ltr'><em>δισσοῖσιν</em></span> 
     </span>
    </p>
   </div>
   <div class='ocr_carea' id='block_1_5' title="bbox 114 3176 1364 3604">
    <p class='ocr_par' dir='ltr' id='par_1_8' title="bbox 114 3176 1364 3604">
     <span class='ocr_line' id='line_1_27' title="bbox 114 3176 1364 3275; baseline -0.003 -21"><span class='ocrx_word' id='word_1_244' title='bbox 114 3181 304 3275; x_wconf 74' lang='grc' dir='ltr'><em>ἀπείροισιν</em></span> <span class='ocrx_word' id='word_1_245' title='bbox 325 3211 354 3271; x_wconf 88' lang='lat' dir='ltr'>p.</span> <span class='ocrx_word' id='word_1_246' title='bbox 376 3189 406 3255; x_wconf 82' lang='grc'>6.</span> <span class='ocrx_word' id='word_1_247' title='bbox 429 3181 598 3274; x_wconf 77' lang='grc' dir='ltr'><em>ἀπείροις)</em></span> <span class='ocrx_word' id='word_1_248' title='bbox 626 3189 725 3250; x_wconf 88' lang='lat' dir='ltr'>loenm</span> <span class='ocrx_word' id='word_1_249' title='bbox 754 3189 905 3269; x_wconf 84' lang='lat' dir='ltr'>eorrupit:</span> <span class='ocrx_word' id='word_1_250' title='bbox 940 3179 1084 3272; x_wconf 73' lang='grc' dir='ltr'><em>λόγοισιν</em></span> <span class='ocrx_word' id='word_1_251' title='bbox 1113 3176 1171 3250; x_wconf 65' lang='grc' dir='ltr'>ε’ίά</span> <span class='ocrx_word' id='word_1_252' title='bbox 1196 3181 1300 3273; x_wconf 78' lang='grc' dir='ltr'><em>ἔργοις</em></span> <span class='ocrx_word' id='word_1_253' title='bbox 1331 3209 1364 3252; x_wconf 83' lang='grc' dir='ltr'>τι</span> 
     </span>
     <span class='ocr_line' id='line_1_28' title="bbox 114 3290 1363 3390; baseline -0.001 -26"><span class='ocrx_word' id='word_1_254' title='bbox 114 3291 200 3388; x_wconf 77' lang='grc' dir='ltr'><em>πρὸς</em></span> <span class='ocrx_word' id='word_1_255' title='bbox 221 3293 346 3387; x_wconf 78' lang='grc' dir='ltr'><em>βλάβην</em></span> <span class='ocrx_word' id='word_1_256' title='bbox 369 3298 470 3390; x_wconf 80' lang='grc' dir='ltr'><em>φέρον</em></span> <span class='ocrx_word' id='word_1_257' title='bbox 501 3302 568 3386; x_wconf 85' lang='lat' dir='ltr'>(cfr.</span> <span class='ocrx_word' id='word_1_258' title='bbox 592 3299 667 3362; x_wconf 88' lang='lat' dir='ltr'>Ant.</span> <span class='ocrx_word' id='word_1_259' title='bbox 691 3302 754 3363; x_wconf 92' lang='grc'>624</span> <span class='ocrx_word' id='word_1_260' title='bbox 784 3293 851 3386; x_wconf 81' lang='grc' dir='ltr'><em>ἀγει</em></span> <span class='ocrx_word' id='word_1_261' title='bbox 882 3293 966 3387; x_wconf 81' lang='grc' dir='ltr'><em>πρὸς</em></span> <span class='ocrx_word' id='word_1_262' title='bbox 995 3292 1091 3382; x_wconf 85' lang='grc' dir='ltr'><em>ἀναν,</em></span> <span class='ocrx_word' id='word_1_263' title='bbox 1124 3300 1293 3363; x_wconf 86' lang='lat' dir='ltr'>locutiones</span> <span class='ocrx_word' id='word_1_264' title='bbox 1321 3290 1363 3363; x_wconf 83' lang='grc' dir='ltr'><em>ιά</em></span> 
     </span>
     <span class='ocr_line' id='line_1_29' title="bbox 115 3403 1364 3502; baseline -0.002 -27"><span class='ocrx_word' id='word_1_265' title='bbox 115 3407 199 3499; x_wconf 76' lang='grc' dir='ltr'><em>πρὸς</em></span> <span class='ocrx_word' id='word_1_266' title='bbox 227 3403 265 3476; x_wconf 73' lang='lat' dir='ltr'>eo</span> <span class='ocrx_word' id='word_1_267' title='bbox 300 3404 475 3497; x_wconf 76' lang='grc' dir='ltr'><em>ὑγιαίνειν,</em></span> <span class='ocrx_word' id='word_1_268' title='bbox 513 3406 554 3477; x_wconf 78' lang='lat' dir='ltr'>eol</span> <span class='ocrx_word' id='word_1_269' title='bbox 587 3405 671 3502; x_wconf 77' lang='grc' dir='ltr'><em>πρὸς</em></span> <span class='ocrx_word' id='word_1_270' title='bbox 700 3403 912 3492; x_wconf 81' lang='grc' dir='ltr'><em>εὐδαιμονίαν</em></span> <span class='ocrx_word' id='word_1_271' title='bbox 941 3407 1103 3497; x_wconf 77' lang='grc' dir='ltr'><em>φέροντα,</em></span> <span class='ocrx_word' id='word_1_272' title='bbox 1135 3417 1274 3474; x_wconf 88' lang='lat' dir='ltr'>nostrum</span> <span class='ocrx_word' id='word_1_273' title='bbox 1305 3433 1364 3492; x_wconf 84' lang='lat' dir='ltr'>„zu</span> 
     </span>
     <span class='ocr_line' id='line_1_30' title="bbox 115 3523 508 3604; baseline 0.003 -19"><span class='ocrx_word' id='word_1_274' title='bbox 115 3523 248 3586; x_wconf 80' lang='lat' dir='ltr'>schaden</span> <span class='ocrx_word' id='word_1_275' title='bbox 269 3525 445 3604; x_wconf 83' lang='lat' dir='ltr'>bringen“).</span> <span class='ocrx_word' id='word_1_276' title='bbox 467 3560 508 3570; x_wconf 94' lang='lat'><em>-</em></span> 
     </span>
    </p>
   </div>
   <div class='ocr_carea' id='block_1_6' title="bbox 283 3714 1190 3806">
    <p class='ocr_par' dir='ltr' id='par_1_9' title="bbox 283 3714 1190 3806">
     <span class='ocr_line' id='line_1_31' title="bbox 283 3714 1190 3806; baseline 0.001 -19"><span class='ocrx_word' id='word_1_277' title='bbox 283 3715 349 3787; x_wconf 55' lang='lat'><em>1112.</em></span> <span class='ocrx_word' id='word_1_278' title='bbox 383 3714 560 3806; x_wconf 86' lang='lat' dir='ltr'>Syllabae</span> <span class='ocrx_word' id='word_1_279' title='bbox 582 3715 678 3786; x_wconf 81' lang='lat' dir='ltr'>falso</span> <span class='ocrx_word' id='word_1_280' title='bbox 703 3714 850 3787; x_wconf 81' lang='lat' dir='ltr'>divisae</span> <span class='ocrx_word' id='word_1_281' title='bbox 872 3715 935 3787; x_wconf 88' lang='lat' dir='ltr'>vel</span> <span class='ocrx_word' id='word_1_282' title='bbox 958 3718 1190 3789; x_wconf 74' lang='lat' dir='ltr'>coniunctae.</span> 
     </span>
    </p>
   </div>
   <div class='ocr_carea' id='block_1_7' title="bbox 110 3856 1362 4504">
    <p class='ocr_par' dir='ltr' id='par_1_10' title="bbox 110 3856 1362 4504">
     <span class='ocr_line' id='line_1_32' title="bbox 199 3856 1362 3936; baseline 0.005 -19"><span class='ocrx_word' id='word_1_283' title='bbox 199 3856 439 3918; x_wconf 89' lang='lat' dir='ltr'>Innumerabilia</span> <span class='ocrx_word' id='word_1_284' title='bbox 453 3857 533 3920; x_wconf 86' lang='lat' dir='ltr'>vitia</span> <span class='ocrx_word' id='word_1_285' title='bbox 550 3861 581 3919; x_wconf 87' lang='lat' dir='ltr'>et</span> <span class='ocrx_word' id='word_1_286' title='bbox 603 3877 692 3936; x_wconf 87' lang='lat' dir='ltr'>saepe</span> <span class='ocrx_word' id='word_1_287' title='bbox 714 3861 890 3936; x_wconf 84' lang='lat' dir='ltr'>portentosa</span> <span class='ocrx_word' id='word_1_288' title='bbox 901 3859 1049 3921; x_wconf 86' lang='lat' dir='ltr'>voeabula</span> <span class='ocrx_word' id='word_1_289' title='bbox 1066 3863 1190 3920; x_wconf 86' lang='lat' dir='ltr'>exstant</span> <span class='ocrx_word' id='word_1_290' title='bbox 1208 3859 1242 3920; x_wconf 91' lang='lat' dir='ltr'>in</span> <span class='ocrx_word' id='word_1_291' title='bbox 1258 3861 1362 3923; x_wconf 82' lang='lat' dir='ltr'>codiee</span> 
     </span>
     <span class='ocr_line' id='line_1_33' title="bbox 111 3961 1361 4057; baseline 0.006 -28"><span class='ocrx_word' id='word_1_292' title='bbox 111 3969 159 4029; x_wconf 88' lang='lat' dir='ltr'>La</span> <span class='ocrx_word' id='word_1_293' title='bbox 181 3988 218 4028; x_wconf 87' lang='lat' dir='ltr'>ex</span> <span class='ocrx_word' id='word_1_294' title='bbox 240 3968 372 4047; x_wconf 79' lang='lat' dir='ltr'>syllabis</span> <span class='ocrx_word' id='word_1_295' title='bbox 393 3968 473 4030; x_wconf 79' lang='lat' dir='ltr'>falso</span> <span class='ocrx_word' id='word_1_296' title='bbox 493 3969 663 4031; x_wconf 81' lang='lat' dir='ltr'>coniunctis</span> <span class='ocrx_word' id='word_1_297' title='bbox 682 3970 733 4032; x_wconf 82' lang='lat' dir='ltr'>vel</span> <span class='ocrx_word' id='word_1_298' title='bbox 754 3969 901 4031; x_wconf 81' lang='lat' dir='ltr'>seiunctis</span> <span class='ocrx_word' id='word_1_299' title='bbox 924 3970 993 4049; x_wconf 84' lang='lat' dir='ltr'>(cfr.</span> <span class='ocrx_word' id='word_1_300' title='bbox 1009 3968 1060 4031; x_wconf 81' lang='grc' dir='ltr'>Αἱ.</span> <span class='ocrx_word' id='word_1_301' title='bbox 1072 3969 1135 4030; x_wconf 89' lang='grc'>620</span> <span class='ocrx_word' id='word_1_302' title='bbox 1152 3961 1258 4054; x_wconf 85' lang='grc' dir='ltr'><em>ἀφιλα</em></span> <span class='ocrx_word' id='word_1_303' title='bbox 1281 3963 1361 4057; x_wconf 79' lang='grc' dir='ltr'><em>παρ’</em></span> 
     </span>
     <span class='ocr_line' id='line_1_34' title="bbox 112 4069 1362 4169; baseline 0.002 -25"><span class='ocrx_word' id='word_1_304' title='bbox 112 4069 254 4164; x_wconf 85' lang='grc' dir='ltr'><em>ἀφίλοις</em></span> <span class='ocrx_word' id='word_1_305' title='bbox 269 4080 464 4160; x_wconf 83' lang='lat' dir='ltr'>apographe‚·</span> <span class='ocrx_word' id='word_1_306' title='bbox 485 4082 533 4142; x_wconf 87' lang='lat' dir='ltr'>La</span> <span class='ocrx_word' id='word_1_307' title='bbox 551 4085 582 4142; x_wconf 86' lang='lat' dir='ltr'>et</span> <span class='ocrx_word' id='word_1_308' title='bbox 599 4080 682 4142; x_wconf 82' lang='lat' dir='ltr'>Snid.</span> <span class='ocrx_word' id='word_1_309' title='bbox 697 4102 721 4143; x_wconf 84' lang='lat' dir='ltr'>s.</span> <span class='ocrx_word' id='word_1_310' title='bbox 739 4101 768 4142; x_wconf 87' lang='lat' dir='ltr'>v.</span> <span class='ocrx_word' id='word_1_311' title='bbox 791 4072 832 4146; x_wconf 84' lang='grc' dir='ltr'><em>τά</em></span> <span class='ocrx_word' id='word_1_312' title='bbox 849 4077 886 4144; x_wconf 81' lang='grc' dir='ltr'>δὲ</span> <span class='ocrx_word' id='word_1_313' title='bbox 903 4077 984 4165; x_wconf 90' lang='grc' dir='ltr'><em>πρίν</em></span> <span class='ocrx_word' id='word_1_314' title='bbox 1000 4082 1114 4144; x_wconf 85' lang='lat' dir='ltr'>habent</span> <span class='ocrx_word' id='word_1_315' title='bbox 1131 4074 1224 4166; x_wconf 88' lang='grc' dir='ltr'><em>παρά</em></span> <span class='ocrx_word' id='word_1_316' title='bbox 1235 4079 1362 4169; x_wconf 84' lang='grc' dir='ltr'><em>φίλοις,</em></span> 
     </span>
     <span class='ocr_line' id='line_1_35' title="bbox 112 4181 1360 4281; baseline 0.006 -30"><span class='ocrx_word' id='word_1_317' title='bbox 112 4192 206 4253; x_wconf 84' lang='lat' dir='ltr'>sohel.</span> <span class='ocrx_word' id='word_1_318' title='bbox 237 4181 329 4279; x_wconf 85' lang='grc' dir='ltr'><em>παρά</em></span> <span class='ocrx_word' id='word_1_319' title='bbox 357 4195 428 4268; x_wconf 70' lang='lat' dir='ltr'>wig</span> <span class='ocrx_word' id='word_1_320' title='bbox 455 4185 570 4280; x_wconf 84' lang='grc' dir='ltr'><em>πρώην</em></span> <span class='ocrx_word' id='word_1_321' title='bbox 602 4183 702 4258; x_wconf 78' lang='grc' dir='ltr'><em>αὐτοῦ</em></span> <span class='ocrx_word' id='word_1_322' title='bbox 732 4188 906 4280; x_wconf 88' lang='grc' dir='ltr'><em>φίλοις-</em></span> <span class='ocrx_word' id='word_1_323' title='bbox 930 4183 1077 4278; x_wconf 79' lang='grc' dir='ltr'><em>ἢάφιλα</em></span> <span class='ocrx_word' id='word_1_324' title='bbox 1105 4185 1184 4279; x_wconf 85' lang='grc' dir='ltr'><em>παρ’</em></span> <span class='ocrx_word' id='word_1_325' title='bbox 1207 4189 1360 4281; x_wconf 84' lang='grc' dir='ltr'><em>ἀφίλοις;</em></span> 
     </span>
     <span class='ocr_line' id='line_1_36' title="bbox 112 4294 1361 4390; baseline 0.004 -28"><span class='ocrx_word' id='word_1_326' title='bbox 112 4301 146 4362; x_wconf 93' lang='grc'>0.</span> <span class='ocrx_word' id='word_1_327' title='bbox 170 4300 203 4364; x_wconf 76' lang='lat' dir='ltr'>(l.</span> <span class='ocrx_word' id='word_1_328' title='bbox 228 4302 312 4363; x_wconf 89' lang='grc'>1578</span> <span class='ocrx_word' id='word_1_329' title='bbox 335 4303 383 4364; x_wconf 86' lang='lat' dir='ltr'>La</span> <span class='ocrx_word' id='word_1_330' title='bbox 406 4298 475 4367; x_wconf 81' lang='grc' dir='ltr'><em>αι’ὲν</em></span> <span class='ocrx_word' id='word_1_331' title='bbox 497 4295 622 4368; x_wconf 84' lang='grc' dir='ltr'><em>ἀῦπνον</em></span> <span class='ocrx_word' id='word_1_332' title='bbox 643 4323 720 4366; x_wconf 87' lang='lat' dir='ltr'>oorr.</span> <span class='ocrx_word' id='word_1_333' title='bbox 743 4299 929 4384; x_wconf 82' lang='grc' dir='ltr'><em>αι’έννπνον,·</em></span> <span class='ocrx_word' id='word_1_334' title='bbox 961 4305 1055 4367; x_wconf 86' lang='lat' dir='ltr'>schol.</span> <span class='ocrx_word' id='word_1_335' title='bbox 1084 4309 1115 4367; x_wconf 90' lang='lat' dir='ltr'>et</span> <span class='ocrx_word' id='word_1_336' title='bbox 1137 4303 1222 4366; x_wconf 77' lang='lat' dir='ltr'>said.</span> <span class='ocrx_word' id='word_1_337' title='bbox 1245 4294 1303 4390; x_wconf 75' lang='grc' dir='ltr'>ὑφ’</span> <span class='ocrx_word' id='word_1_338' title='bbox 1326 4299 1361 4368; x_wconf 71' lang='grc' dir='ltr'><em>ἓν</em></span> 
     </span>
     <span class='ocr_line' id='line_1_37' title="bbox 110 4402 1361 4504; baseline 0.006 -30"><span class='ocrx_word' id='word_1_339' title='bbox 110 4402 333 4495; x_wconf 79' lang='grc' dir='ltr'><em>ἀναγνωστέον</em></span> <span class='ocrx_word' id='word_1_340' title='bbox 361 4409 556 4494; x_wconf 84' lang='grc' dir='ltr'><em>αἰὲνυπνον).</em></span> <span class='ocrx_word' id='word_1_341' title='bbox 601 4415 704 4478; x_wconf 87' lang='lat' dir='ltr'>Panea</span> <span class='ocrx_word' id='word_1_342' title='bbox 736 4414 841 4478; x_wconf 81' lang='lat' dir='ltr'>adfero</span> <span class='ocrx_word' id='word_1_343' title='bbox 874 4435 912 4478; x_wconf 84' lang='lat' dir='ltr'>ax</span> <span class='ocrx_word' id='word_1_344' title='bbox 933 4415 968 4478; x_wconf 92' lang='grc'>0.</span> <span class='ocrx_word' id='word_1_345' title='bbox 992 4415 1037 4478; x_wconf 69' lang='lat' dir='ltr'>Oa</span> <span class='ocrx_word' id='word_1_346' title='bbox 1072 4406 1227 4504; x_wconf 74' lang='grc' dir='ltr'><em>ἀναθρῶν</em></span> <span class='ocrx_word' id='word_1_347' title='bbox 1260 4437 1289 4495; x_wconf 85' lang='lat' dir='ltr'>p.</span> <span class='ocrx_word' id='word_1_348' title='bbox 1321 4407 1361 4482; x_wconf 82' lang='grc' dir='ltr'><em>ἀν</em></span> 
     </span>
    </p>
   </div>
   <div class='ocr_carea' id='block_1_8' title="bbox 0 0 1482 4934">
    <p class='ocr_par' dir='ltr' id='par_1_11' title="bbox 0 0 1482 4934">
     <span class='ocr_line' id='line_1_38' title="bbox 0 0 1482 4934; baseline 0 1"><span class='ocrx_word' id='word_1_349' title='bbox 0 0 1482 4934; x_wconf 95' lang='lat' dir='ltr'> </span> 
     </span>
    </p>
   </div>
  </div>
 </body>
</html>
