2956 4934
680 297 700 358 5

587 401 790 416 ᾺΛΛΛἋΛΛᾹᾺΛΙᾸΆΛΑ

67 534 98 594 in
119 533 297 597 iracundum
322 533 454 593 animum
465 532 607 593 Creontis
630 551 690 591 non
713 532 813 593 minus
832 532 915 594 cadit
930 553 1020 611 quam
1036 533 1076 592 ib.
1087 534 1170 594 1108
1185 524 1240 611 (ἴτ’
1254 523 1314 615 lr')

66 645 340 723 inperturbatum.
366 679 405 689 —-

156 797 192 864 0.
216 799 253 862 R.
278 797 360 862 1031
383 801 430 862 La
451 795 485 862 cl
508 790 537 862 δ’
560 789 652 885 άλμος
679 789 808 879 ἰ’σχων
831 791 966 879 (loxovr'
990 800 1023 861 in
1044 820 1131 880 marg
1154 819 1172 860 a
1194 821 1232 860 m.
1255 803 1314 879 pr.)

67 910 100 978 ἐν
122 918 246 1001 καιροῖς
270 899 458 991 λαμβάνεις.
496 913 545 972 Ex
568 911 755 991 apographis
778 911 874 991 recipi
897 913 976 974 solet
997 906 1031 974 ἐν
1044 916 1154 988 κακοῖς
1171 933 1212 991 με
1230 911 1315 990 λαμ-

66 1013 195 1106 βάνεις,
229 1025 309 1103 quod
331 1023 443 1104 aliquis
466 1023 556 1085 metri
579 1045 671 1086 causa
693 1025 827 1086 correxit
849 1046 887 1086 ex
909 1024 1106 1087 adnotatione
1128 1024 1316 1086 scholiastae

66 1133 100 1200 ἐν
122 1132 211 1218 ποίῳ
234 1128 300 1220 άρα
321 1136 412 1218 κακῷ
433 1128 511 1201 ὄντα
534 1129 617 1200 κατά
640 1126 697 1222 τήν
720 1129 852 1201 ἔκθεσιν
884 1157 946 1198 non
975 1136 1098 1217 cognito
1127 1137 1200 1198 haec
1222 1137 1317 1198 verba

67 1249 221 1330 pertinere
243 1249 281 1310 ad
304 1246 337 1313 σι’
358 1241 387 1313 δ’
404 1239 503 1331 tityon
523 1239 667 1328 ἰ’σχονσα.
700 1248 768 1310 Alii
791 1250 854 1311 alia
875 1250 1084 1312 coniecerunt:
1108 1249 1315 1314 Wakefieldus

67 1355 101 1423 ἐν
122 1351 245 1432 νάπαις
274 1381 333 1436 με,
362 1359 455 1422 Dind.
485 1355 519 1422 ἐν
547 1349 703 1435 νάπαισι,
732 1361 844 1441 Bergk.
876 1357 909 1423 ἐν
939 1348 1108 1449 χάτραισι,
1137 1361 1253 1424 Nauck.
1282 1357 1316 1424 ἐν

69 1464 233 1560 σκάφαισι
257 1452 464 1556 (Herwerdeu.
477 1465 561 1536 ἔνθα
584 1459 651 1558 φῄς
672 1475 735 1552 με),
759 1474 812 1550 qui
835 1495 938 1536 omnes
960 1474 1175 1554 neglexerunt,
1199 1473 1315 1552 aliquid

69 1585 192 1646 subesse
224 1584 345 1660 debere,
379 1586 459 1665 quod
487 1586 638 1657 referatur
668 1585 706 1645 ad
728 1587 823 1646 verba
851 1586 954 1646 nuntii
982 1573 1090 1673 σοιιὴρ
1111 1607 1145 1670 ys
1176 1585 1222 1667 τῷ
1251 1577 1316 1650 τὸτ’

69 1692 101 1758 ἐν
123 1685 247 1782 χρόνῳ,
283 1701 319 1758 ut
341 1698 475 1777 Oedipus
505 1718 627 1759 causam
654 1696 747 1758 addat
773 1717 869 1758 novae
899 1698 1097 1776 quaestionis.
1150 1698 1318 1777 Elegantia

68 1809 179 1889 igitur,
211 1831 287 1889 quae
308 1810 390 1872 inest
411 1810 444 1870 in
466 1811 596 1874 lectione
619 1810 733 1872 codicis
758 1805 791 1871 ἐν
814 1813 955 1895 καιροῖς,
978 1814 1087 1888 poetae
1109 1810 1318 1872 conservanda

70 1927 123 1984 est.
169 1923 364 2003 Quapropter
392 1927 483 1984 antea
512 1924 658 2002 putabam
686 1921 879 1984 scribendum
909 1943 975 1983 esse
997 1918 1031 1995 ἐς
1053 1910 1148 1986 καλιάν
1171 1945 1211 2002 με
1232 1922 1318 2000 λαμ-

70 2022 191 2112 βάνεις.
236 2034 296 2095 Sed
332 2038 381 2094 est
413 2035 527 2095 certior
559 2034 640 2095 ratio
674 2034 815 2095 medelae.
866 2035 968 2095 Unum
1000 2033 1189 2113 corruptelae
1222 2053 1318 2112 genus

70 2146 152 2209 infra
184 2146 274 2209 nobis
301 2146 333 2207 id
361 2152 513 2222 occurret,
547 2169 614 2208 cum
636 2147 773 2208 defectus
804 2147 933 2209 alicuius
963 2147 1105 2209 vocabuli
1137 2169 1229 2209 causa
1258 2148 1320 2210 fuit

73 2258 280 2322 correctionis.
324 2258 454 2338 Aliquid
476 2259 526 2320 hio
549 2259 699 2321 excidisse
721 2264 753 2320 et
775 2259 848 2339 quid
871 2260 1033 2334 exciderit,
1063 2260 1260 2340 cognoscitur
1281 2280 1320 2322 ex

71 2371 286 2432 terminatione
308 2371 395 2432 verbi
416 2363 519 2449 ἰ’σχιον
542 2370 611 2448 (ie.
628 2362 759 2450 ἰ’σχονθ’
780 2360 843 2448 oid]
866 2375 898 2432 et
919 2370 1019 2431 literis
1042 2365 1091 2433 ab:
1113 2392 1221 2433 versus
1243 2371 1318 2432 fuit:

278 2505 312 2572 ιί
337 2498 365 2572 δ’
389 2501 484 2592 ἄλγος
505 2499 635 2588 ιι’σχον.(>’
659 2499 725 2575 ὦδε
748 2501 860 2599 καιρὸς
882 2499 919 2594 ἢν
941 2511 1065 2590 totels,-

155 2689 228 2753 Aac.
252 2687 317 2752 386
339 2691 387 2751 La
409 2691 515 2752 habet:
537 2679 588 2753 ὁδ’
611 2683 647 2751 ἐκ
669 2676 781 2769 δάμιον
803 2680 950 2775 ἄψορρος
972 2684 1007 2765 ἐς
1027 2685 1127 2768 μέσον
1149 2687 1244 2775 περᾷ.

156 2856 245 2917 Hanc
267 2854 428 2916 lectionem
451 2848 485 2926 ἐς
507 2849 607 2934 μέσον
629 2854 754 2934 probari
780 2874 842 2915 non
868 2873 958 2932 posse
981 2874 1017 2914 ex
1039 2874 1067 2914 v.
1091 2873 1173 2931 sequ.
1201 2851 1320 2914 intelle·

72 2969 168 3049 gitur,
192 2989 284 3048 quum
304 2968 399 3029 verba
417 2965 558 3029 Creontis
580 2965 663 3049 ποίᾳ
686 2953 840 3053 ξάμμετρ
863 2961 977 3049 ἐξέβην
999 2951 1080 3050 origg
1102 2985 1163 3026 non
1185 2965 1321 3025 habeant

75 3083 147 3162 quid
171 3085 319 3162 spectent.
363 3081 402 3141 In
424 3079 564 3140 omuibus
586 3078 684 3158 igitur
704 3078 891 3158 apographis
913 3083 1038 3157 excepto
1061 3078 1125 3138 cod.
1147 3076 1233 3137 Ricc.
1256 3096 1319 3138 cor·

72 3201 188 3260 rectum
210 3198 258 3256 est
280 3190 314 3266 ἐς
336 3191 426 3263 δέον,
452 3192 532 3271 quod
554 3192 654 3252 minus
677 3191 781 3253 decere
804 3191 837 3252 in
858 3212 930 3271 rege
948 3190 1078 3253 Creonte
1101 3189 1217 3250 dictum
1239 3192 1321 3250 recte

72 3311 111 3371 M.
136 3310 278 3388 Seyffert.
300 3307 385 3368 dicit.
430 3305 586 3368 Nauckius
618 3304 749 3366 coniecit
779 3299 826 3376 εἰς
856 3291 987 3388 καιρόν,
1022 3324 1078 3382 ego
1107 3302 1212 3363 malim
1242 3300 1322 3382 quod

73 3422 195 3485 facilius
217 3420 386 3500 permutari
407 3423 543 3499 poterat,
573 3412 605 3489 ἐς
630 3405 730 3481 καλόν
752 3437 847 3495 comp.
871 3416 904 3477 0.
927 3417 964 3478 R.
990 3416 1030 3477 78
1059 3420 1090 3479 et
1118 3416 1198 3492 loco,
1234 3436 1322 3494 quem

73 3535 117 3597 ibi
139 3536 324 3613 interpretes
353 3533 497 3594 adierunt
518 3532 598 3592 Plat.
611 3530 714 3610 Symp.
737 3552 764 3610 p.
779 3529 884 3592 174Ε
909 3524 943 3602 ἐς
965 3523 1064 3593 καλὸν
1087 3520 1174 3615 ἥκεις
1195 3533 1226 3592 et
1247 3531 1321 3591 Eur.

74 3649 163 3734 Here.
185 3647 243 3708 fur.
270 3645 332 3706 728
354 3647 421 3707 Ηοο
442 3638 477 3721 ἐς
499 3636 598 3709 καλόν
620 3643 751 3705 maxime
772 3641 935 3706 videndum
957 3646 1021 3718 est,
1053 3662 1091 3703 ne
1115 3638 1152 3704 0.
1174 3637 1213 3702 R.
1236 3638 1322 3702 1416

74 3779 128 3840 pro
151 3755 186 3832 ἐς
209 3754 283 3822 δέον
306 3757 401 3820 scribi
422 3757 539 3819 debeat
562 3743 602 3806 -'—

161 3915 241 3977 Pha'l.
254 3913 337 3976 1231
360 3915 455 3975 habet
475 3917 523 3975 La
544 3934 612 3974 cum
635 3914 683 3975 Lb
707 3917 739 3974 et
760 3912 842 3973 Flor.
864 3932 890 3993 y.
912 3906 946 3973 σι’
970 3909 1095 3997 χρῆμα,
1116 3905 1150 3972 σι’
1174 3897 1320 3996 decisam

77 4020 120 4101 ὡς
142 4019 176 4110 μ’
200 4018 332 4111 ὑπῆλθέ
357 4045 407 4098 ιις
430 4013 548 4111 φόβος.
589 4026 692 4105 Vulgo
716 4046 752 4086 ex
775 4023 962 4104 apographis
984 4022 1137 4102 recipiunt
1159 4018 1192 4085 τί
1216 4020 1323 4107 χρῆμα

78 4129 224 4225 δράσεις·
269 4140 350 4202 Mihi
379 4140 502 4202 videtur
531 4138 715 4201 commodius
746 4137 910 4217 aptiusque
939 4136 1035 4197 scribi
1066 4132 1099 4198 τί
1130 4134 1256 4222 χρῆμα,
1288 4129 1323 4197 τί

78 4254 173 4342 δρᾷς;
199 4253 288 4333 (quid
309 4256 372 4327 est,
396 4251 469 4332 quid
490 4251 524 4312 in
546 4255 646 4313 mente
667 4249 813 4328 habes?);
836 4245 871 4312 al
894 4247 978 4334 δρᾷς
999 4247 1117 4309 usitata
1138 4246 1253 4308 locutio
1275 4248 1324 4305 est

78 4366 216 4430 vetantis
244 4364 362 4445 aliquid
389 4364 489 4425 faeere
519 4363 573 4425 cfr.
600 4361 651 4424 ei.
677 4362 719 4424 74
746 4359 780 4426 cl
809 4361 891 4448 δρᾷς
912 4347 1061 4438 Ἀθάνα
1096 4359 1137 4419 ih.
1161 4357 1233 4418 288.
1277 4356 1324 4417 De

79 4479 251 4560 corruptela
273 4465 406 4565 δράσεις
437 4476 491 4538 cfr.
514 4474 549 4538 Ο.
572 4473 606 4537 0.
630 4475 692 4537 732
717 4472 817 4562 »δρᾶν
839 4473 873 4534 in
894 4473 996 4533 litura.
1039 4469 1173 4532 Videtur
1195 4458 1326 4549 dodoau
