2956 4934
34 4502 99 4644 ἱ

718 277 759 340 52

640 382 845 398 VWWWVWW

118 519 307 601 scripserim,
338 540 396 599 quo
418 517 564 580 restituto
586 517 690 580 nescio
713 537 753 578 sn
780 516 1009 596 praeferendum
1031 515 1090 577 eit:
1119 505 1310 602 νεακόνητον
1331 504 1368 582 εὖ

117 622 284 716 μάχαιραν
304 628 435 713 στέγων,
457 652 528 692 uam
551 616 784 701 δολιόπους
805 616 988 716 παράγεται
1008 616 1202 712 ἀρωγός-
1222 626 1268 695 15.
1280 624 1368 692 1114

117 763 173 823 pro
201 740 380 825 κομίζομεν
407 748 533 823 propter
561 738 716 832 φέροντες
745 746 905 820 exspectas
927 736 1143 826 (προσίκομεν
1171 742 1252 821 ie.)
1280 763 1368 832 προ-

118 846 270 941 σήκομεν.
299 890 340 902 -
902 859 904 864 ’

201 969 375 1030 Permutari
398 990 489 1050 saepe
511 969 545 1029 in
566 966 656 1030 libris
678 966 897 1047 manuscriptis
920 970 1042 1028 constat
1070 957 1198 1042 καινός,
1228 954 1365 1045 κλεινός,

115 1071 234 1157 κοινός,
249 1085 361 1158 κεῖνος,
380 1068 472 1158 κενός
484 1081 547 1160 (ΕΙ.
560 1081 620 1142 681
634 1080 708 1142 libri
723 1081 837 1141 habent
848 1067 971 1143 κλεινόν
986 1069 1148 1155 ΙΕλλιίδος,
1162 1078 1271 1141 Thom.
1282 1079 1366 1158 Mag.

115 1180 239 1270 κοινόν;
275 1200 357 1256 recta
384 1195 508 1256 videtur
535 1193 786 1255 Schneidewinns
816 1212 877 1254 non
902 1191 969 1266 hic,
1004 1190 1057 1253 sed
1085 1212 1114 1253 v.
1144 1189 1208 1252 694
1238 1183 1366 1253 κλεινόν

113 1293 266 1380 Ἑλλάδος
277 1306 310 1365 in
322 1297 429 1369 κοινδν
438 1297 591 1383 Ἑλλάδος
603 1310 746 1380 mutasse,
758 1326 849 1384 quum
864 1305 920 1366 hoo
933 1305 1029 1365 altero
1041 1303 1107 1365 loco
1122 1302 1366 1365 recordationem

116 1416 230 1495 prioris
252 1417 312 1478 loci
333 1417 469 1478 valuisse
491 1417 649 1496 probabile
679 1417 737 1492 sit;
772 1419 875 1480 κεῖνον
896 1436 926 1495 p.
949 1406 1039 1480 κενόν
1061 1415 1171 1477 Trach.
1193 1415 1276 1492 4953
1308 1418 1364 1477 cfr.

115 1530 231 1590 Nauck.
255 1530 294 1590 ed
316 1529 356 1590 ib.
380 1527 475 1612 613);
509 1525 677 1608 αἴσχιστος
700 1533 732 1590 et
754 1522 908 1608 ἔχθιστος
931 1526 1123 1608 (saepissime
1145 1528 1179 1588 in
1199 1527 1363 1608 Euripidis

114 1641 218 1717 libris,
253 1644 345 1705 semel
367 1647 513 1723 quantum
543 1642 638 1704 seium
666 1642 700 1702 in
729 1641 890 1722 Sophoclis
912 1641 995 1702 Phil.
1020 1639 1119 1716 12843
1149 1641 1202 1702 cfr.
1225 1641 1276 1702 Αἰ.
1299 1641 1365 1702 658

115 1747 270 1834 ἔχθιστον
299 1776 315 1818 ε
345 1777 382 1816 ax
413 1777 448 1819 αι
477 1756 573 1830 facto,
605 1754 645 1816 ib.
678 1754 776 1829 1059,
809 1753 864 1815 nbi
892 1753 966 1814 libri
988 1752 1174 1815 Tricliuiani
1202 1745 1363 1834 έχθίστῳ,

114 1867 148 1928 0.
170 1867 207 1927 R.
231 1868 330 1942 1519,
364 1865 417 1928 ubi
437 1865 508 1926 Ald.
533 1861 724 1943 αίχθιστος,
757 1865 821 1928 cod.
844 1863 1022 1944 cantabrig.
1047 1861 1218 1944 αἴσχιστος
1238 1865 1364 1943 habet);

113 1966 224 2063 δοιός,
248 1970 344 2051 αδιὸς
367 1978 459 2057 (0.0.
474 1978 551 2052 928,
576 1977 674 2052 1501,
697 1978 751 2038 cfr.
774 1977 858 2038 0.R.
872 1977 966 2055 222);
989 1981 1171 2062 καθαιρεῖν,
1193 1980 1364 2063 καθευριῖν

112 2089 200 2170 (Ant.
224 2091 286 2150 395
309 2086 500 2178 καθευρέθη
529 2110 584 2169 pro
614 2084 793 2172 καθῃρέθη
825 2089 879 2151 ofr.
902 2089 965 2150 406
988 2091 1035 2150 La
1063 2080 1185 2173 εὑρέθη
1214 2109 1364 2169 superscr.

114 2223 200 2280 apr.
224 2223 263 2263 m.
286 2201 336 2285 η);
359 2198 543 2286 τρέφουσαν
564 2222 620 2280 pro
642 2195 810 2287 φέρουσαν
834 2203 943 2263 Trach.
960 2202 1022 2264 108
1045 2201 1244 2283 Oasaubonus
1267 2224 1365 2266 eman·

115 2313 203 2392 davit
218 2308 386 2396 (τρέφοντι
408 2332 463 2392 pro
480 2308 612 2397 φέροντι
634 2313 837 2392 probabiliter
858 2313 972 2376 conicit
986 2287 1170 2392 Blaydesins
1182 2314 1217 2375 0.
1228 2315 1267 2375 R.
1277 2315 1364 2394 863).

193 2400 332 2504 ¹Magnos
355 2425 431 2486 mihi
453 2426 612 2506 scrupulos
636 2425 749 2506 incutit
764 2426 948 2487 attributum
966 2417 1073 2491 κοινόν
1089 2425 1161 2488 Αυί.
1176 2445 1203 2488 υ.
1217 2424 1244 2487 1.
1267 2425 1364 2489 Aliud

114 2537 195 2599 enim
225 2543 274 2598 est
300 2525 407 2602 κοινόν
431 2527 533 2620 αἷμα,
562 2530 671 2611 κοινός
699 2525 826 2628 πατήρ,
855 2535 959 2604 κοινοί
988 2538 1123 2615 παῖδες,
1154 2528 1246 2624 κοινῆ
1270 2535 1363 2618 οίδίς,

110 2642 217 2714 κοινδν
242 2641 428 2733 σπλάγχνον
452 2687 492 2697 -
516 2652 566 2712 hic
588 2671 695 2714 revere
717 2650 836 2730 aliquid
849 2671 1005 2714 commune
1019 2655 1127 2725 est—‚
1150 2650 1235 2713 aliud
1252 2644 1360 2718 κοινόν

110 2757 210 2848 κάρα,
238 2783 309 2822 nam
331 2767 424 2842 ceput
446 2751 649 2848 αὐταδελφόν
672 2763 792 2841 quidem
814 2768 875 2838 est,
908 2784 1063 2826 commune
1085 2785 1147 2827 non
1168 2769 1224 2826 est.
1268 2765 1357 2826 Unus

108 2876 194 2936 locus
226 2878 332 2936 contra
362 2877 440 2936 hanc
477 2875 660 2937 senteutiam
689 2875 803 2938 adferri
831 2876 932 2956 possit
962 2873 998 2940 0.
1031 2873 1065 2939 0.
1092 2876 1156 2938 535
1187 2873 1297 2940 κοιναί
1324 2897 1359 2963 ys

108 2978 235 3071 πατρός
257 2983 420 3072 άδιλφαί,
453 2987 506 3050 sed
527 2988 585 3051 hoc
614 2989 681 3050 loco
704 2989 798 3050 etiam
820 2989 919 3067 magis
942 2989 1131 3068 exploratum
1154 2994 1216 3065 est,
1246 2989 1359 3051 falsum

108 3121 174 3161 esse
196 3096 314 3180 κοιναί,
336 3121 407 3160 nam
429 3100 591 3180 genetivus
614 3093 739 3190 πατρὸς
761 3102 893 3182 requirit
914 3121 1079 3180 pronomen
1101 3095 1199 3183 ἐμαί,
1222 3102 1256 3164 id
1278 3103 1358 3182 quod

108 3217 205 3274 metro
227 3215 449 3293 comprobatur.
493 3212 683 3294 Quamquam
704 3213 803 3293 igitur
823 3214 885 3275 iam
907 3214 1075 3276 scholiasta
1096 3213 1171 3275 Ant.
1193 3215 1214 3276 l
1236 3216 1255 3276 l.
1278 3216 1358 3294 legit

106 3316 221 3404 κοινόν,
243 3330 346 3387 tamen
363 3325 443 3388 ratio
455 3325 579 3388 videtur
589 3326 712 3405 exigere
727 3317 855 3391 κλεινόν.
864 3328 932 3404 (cfr.
943 3326 1077 3388 Ellendt.
1102 3327 1159 3388 lex.
1175 3347 1198 3388 s.
1221 3328 1250 3388 h.
1273 3349 1303 3389 v.
1327 3333 1359 3390 et

107 3436 141 3497 0.
151 3437 190 3498 R.
213 3437 233 3498 8
256 3427 274 3502 ὁ
296 3437 381 3501 πᾶσι
404 3429 529 3514 κλεινὸς
550 3434 715 3513 Οἰδίπους
744 3426 941 3519 καλούμενος
949 3484 958 3518 ,
992 3438 1033 3500 ib.
1057 3438 1141 3499 1207
1164 3431 1208 3506 ici
1229 3433 1357 3507 κλεινὸν

106 3546 252 3615 Οἰδίπου
274 3542 369 3636 κάρα,
393 3549 477 3610 1235
501 3551 596 3614 θεῖον
617 3536 762 3634 Ἰσμήνης
784 3541 885 3636 κάρα,
906 3552 956 3613 El.
970 3552 1054 3614 1170
1077 3539 1170 3637 ἦσάν
1180 3542 1218 3616 τδ
1234 3546 1357 3617 κλεινόν

105 3652 195 3733 εἶδος
217 3650 389 3746 Ἠλέκτρας
415 3647 509 3736 τόδε,
536 3662 610 3722 Eur.
639 3661 752 3723 Phoen.
775 3662 817 3722 88
846 3650 875 3729 ιδ
904 3656 1029 3728 κλεινόν
1056 3659 1162 3736 οἴκοις
1189 3653 1357 3749 Ἀντιγόνη
1402 3730 1405 3734 ς

105 3761 213 3846 θάλος
236 3769 353 3860 πατρί·
387 3773 480 3836 ctiam
505 3769 541 3837 O.
567 3771 601 3837 0.
626 3772 688 3835 321
712 3794 767 3853 pro
791 3768 862 3839 ἐστὶ
893 3773 993 3860 δῆλον
1014 3767 1159 3860 Ἰσμήνης
1181 3763 1267 3864 κάρα
1295 3798 1357 3842 non

106 3906 174 3947 eum
195 3885 353 3948 Dindorfio
375 3879 441 3948 ἐστ’
465 3876 625 3970 ἀδελφόν,
655 3886 709 3947 sed
731 3881 802 3950 ἐστί
825 3878 951 3950 κλεινδν
974 3888 1173 3968 scripserim).
1197 3924 1238 3935 —-

189 3995 239 4058 El.
263 3995 328 4058 278
349 3997 416 4076 ipse
445 3997 632 4059 conieceram
661 4019 700 4060 ox
722 4001 796 4060 Eur.
813 3997 882 4061 Alc.
905 3998 946 4059 27
970 3995 1163 4088 φρουροῦδ,
1192 4021 1260 4064 cnm
1289 4003 1356 4065 vidi

103 4108 275 4171 Nauokium
291 4108 374 4170 idem
386 4111 528 4172 sensisse.
540 4147 583 4156 ·-
610 4109 718 4173 Τνοοίι.
732 4108 816 4172 1178
827 4132 889 4173 non
900 4113 1157 4175 accommodatum
1169 4119 1216 4176 est
1227 4118 1354 4178 verbum

102 4210 283 4310 ἐξευρόντα,
305 4243 375 4282 nam
387 4223 499 4302 Hyllus
522 4243 583 4285 non
605 4219 783 4311 ἐξευρίσκει
805 4224 893 4286 illam
914 4226 1021 4305 legem,
1045 4226 1099 4288 sed
1122 4227 1207 4288 cultu
1218 4228 1353 4305 extollit;

102 4335 296 4413 quemobrem
319 4335 453 4396 scribere
475 4335 581 4396 malim
603 4321 771 4402 κάλλιστον
794 4332 966 4424 ἐξαίροντα
989 4339 1104 4418 („hoch
1126 4337 1298 4418 haltenffl‘).
1311 4374 1352 4386 -

104 4441 187 4510 Oh.
197 4444 261 4508 120
277 4445 384 4508 dubito
405 4467 445 4507 an
462 4447 679 4527 interpretatio
690 4449 778 4512 verbi
789 4440 932 4538 ἐξεύροι·
956 4445 1027 4514 ἀντὶ
1044 4448 1100 4514 τοῦ
1113 4439 1260 4536 μηχανήν
1273 4449 1352 4538 δοίιχ
