2956 4934
780 261 821 320 32

696 362 839 376 ΧΛΛΙᾺΛΝΧΛΝ
888 364 900 374 ν

178 494 370 558 scribendum
392 491 464 560 Old.
487 487 593 559 δεινὸν
616 489 720 579 λέγεις
741 484 787 566 οῖς
811 497 854 556 Κ.
876 491 970 558 τοῦτο
993 529 1036 539 υ-
1058 496 1232 571 comparato
1254 492 1323 556 loeo
1341 492 1427 554 Suid.

179 629 202 670 s.
224 631 254 672 v.
283 600 329 681 (ῦς
353 608 455 692 (frgm.
477 606 555 686 963)
584 595 648 682 οῖς·
677 601 753 670 λίαν
776 605 941 690 Σοφοκλῆς
963 596 1147 685 Θαυμαστά
1174 595 1235 691 γάρ
1262 596 1301 670 τῦ
1330 596 1428 685 τόξον

179 712 224 793 ὠς
238 706 412 785 ὀλισθάνει
434 719 488 780 i.e.
508 713 612 783 δεινὸν
632 713 735 803 λέγεις
753 708 798 789 (ῦς
819 716 900 778 idem
919 717 1058 797 estquod
1075 708 1179 781 δεινόν
1197 708 1244 794 οῖς
1260 711 1427 800 λέγεις.-

264 828 334 894 Aac.
348 830 410 892 122
431 835 503 912 post
525 828 716 914 πλησθῆναι
737 850 799 892 non
814 851 849 893 τε
870 829 1064 909 inserendum
1082 829 1216 892 arbitror
1230 829 1267 891 de
1280 829 1429 891 Triclinii

178 943 365 1018 coniectura,
395 943 449 1004 sed
476 965 510 1007 τι
537 941 771 1004 adverbiaseens
803 942 872 1023 (cfr.
894 942 1028 1004 Ellendt.
1050 942 1092 1004 H.
1121 963 1149 1022 p.
1172 941 1259 1019 830).
1302 941 1342 1002 In
1371 942 1429 1003 hoo

177 1053 209 1120 τί
234 1056 336 1117 acerbi
358 1055 500 1133 quiddam
522 1055 612 1116 inest.
643 1089 680 1099 -

263 1167 309 1230 lb.
330 1165 395 1229 382
422 1166 570 1229 Boeokhii
597 1167 771 1230 coniectura
800 1154 964 1252 ἀπάγουσι
993 1166 1089 1228 multo
1119 1169 1258 1246 praestat
1280 1164 1429 1227 Triclinii

178 1279 342 1342 mutationi
373 1274 604 1358 βασιλείοισιν.
649 1278 790 1340 Ceterum
819 1283 891 1358 post
920 1274 1109 1357 βασιλείοις
1136 1278 1260 1340 facilius
1288 1277 1431 1339 excidere

178 1396 300 1472 poterat
329 1411 364 1466 ες
390 1390 441 1451 vel
470 1409 556 1474 προς
585 1389 638 1472 (de
667 1379 821 1475 ἐσάγουσι
851 1391 906 1452 cfr.
935 1391 976 1452 ib.
1008 1390 1070 1450 128
1099 1383 1234 1467 ἐσιδών,
1262 1391 1311 1452 El.
1342 1389 1429 1450 1059

181 1495 392 1592 ἐσορώμενοι)
415 1508 448 1565 et
469 1503 570 1582 ipsum
591 1506 715 1567 verbum
737 1496 941 1592 προσάγουσι
960 1503 1189 1586 praeferendum
1198 1503 1429 1568 videturverbo

181 1609 356 1702 ἀπάγουσι.
382 1652 419 1660 -

265 1723 308 1790 lb.
337 1726 401 1789 112
429 1729 516 1790 nefas
550 1728 625 1791 duco
655 1728 791 1808 vestigia
820 1728 980 1804 librorum,
1016 1748 1092 1808 quae
1125 1731 1299 1790 monstrant
1336 1749 1430 1808 quam

179 1840 373 1919 apertissime
391 1841 640 1919 aequabilitatem
656 1840 815 1920 utriusque
832 1841 1013 1920 systematis
1030 1840 1219 1919 anapaestici
1230 1841 1429 1920 (llo-116,

181 1952 376 2031 127-133)
408 1973 471 2014 non
502 1953 589 2031 sequi
622 1957 746 2015 etcum
775 1953 932 2032 scaligero
965 1952 1098 2015 scribere
1128 1942 1164 2026 ὃς
1199 1947 1430 2026 Πολυνείκους.

179 2063 285 2124 Etiam
314 2057 479 2150 ῦπερέπτη
501 2064 593 2145 (113)
623 2068 654 2124 et
683 2050 873 2148 ὑπερόπτας
894 2065 987 2144 (130)
1019 2065 1121 2128 eodem
1149 2065 1216 2126 loco
1244 2063 1428 2142 systematis

180 2174 283 2252 posita
313 2194 456 2252 magnum
485 2179 696 2253 argumentum
718 2175 824 2236 haberi
846 2181 985 2254 possunt.
1020 2176 1055 2238 Si
1076 2176 1149 2255 quid
1170 2175 1324 2254 suspicari
1344 2175 1429 2252 lieet,

179 2285 213 2347 in
235 2285 316 2347 oculi
338 2287 529 2348 aberratione
550 2287 662 2349 vitium
684 2284 855 2366 ponendum
876 2292 908 2349 et
930 2287 967 2350 de
988 2290 1081 2351 verbo
1104 2287 1313 2367 cogitandum,
1344 2289 1425 2368 quod

179 2397 291 2478 incipit
313 2400 351 2460 ab
373 2394 426 2478 553
449 2399 621 2476 speciosum
643 2405 743 2461 autem
754 2401 880 2462 verbum
901 2400 935 2460 in
956 2400 1014 2463 hae
1036 2421 1069 2462 re
1084 2405 1133 2462 est
1150 2387 1324 2482 ἐξελαύνω,
1347 2401 1428 2480 quod

178 2510 213 2572 in
233 2509 408 2572 memoriam
429 2516 553 2573 revocat
575 2502 791 2598 Ἀμφιαράου
812 2506 986 2596 ἐξελασίην
1007 2513 1076 2592 (cfr.
1097 2516 1236 2576 nostrum
1249 2515 1426 2594 „unvart“),

179 2627 216 2685 ut
236 2623 448 2703 corrigendum
470 2623 514 2685 sit
535 2609 704 2708 ἐξήλασεν·
727 2618 761 2685 ἐν
785 2616 813 2688 δ’
838 2615 924 2704 ὀξέα.
947 2660 989 2671 -

270 2733 315 2799 lb.
339 2735 402 2798 156
423 2741 520 2798 metro
543 2736 589 2797 ita
611 2757 785 2800 succurrere
808 2738 916 2813 velim,
938 2743 975 2799 ut
995 2744 1067 2818 post
1087 2735 1277 2813 Μενοικέως
1299 2739 1433 2802 inseram

179 2838 226 2920 οῖς
253 2853 286 2910 et
315 2848 446 2910 scribam
475 2845 679 2929 νεοχμιοβείς
702 2848 808 2932 (schol.
838 2847 954 2914 νεοιστί
986 2847 1270 2924 κατασταθεὶς
1298 2848 1348 2924 εἰς
1370 2846 1427 2938 τήν

180 2953 281 3049 άρχὴν
304 2956 360 3025 καί
383 2955 582 3045 τυραννίδα).
605 2995 647 3006 -

266 3070 452 3162 levorsum
476 3069 539 3133 851
572 3063 638 3137 οὔτ’
667 3067 700 3135 ἐν
729 3075 891 3162 βροτοῖσιν
922 3065 987 3139 οὔτ’
1010 3069 1045 3137 ἐν
1066 3079 1223 3162 νεκροῖσιν
1251 3076 1330 3137 male
1353 3076 1429 3138 Din-

181 3183 294 3246 dorfius
317 3183 354 3245 de
376 3184 543 3247 Hermenni
566 3185 720 3246 sententia
748 3190 784 3246 ut
810 3185 976 3264 explendae
997 3186 1123 3248 lacunae
1144 3207 1236 3249 causa
1257 3189 1360 3250 textui
1382 3189 1428 3250 in-

179 3297 275 3357 latum
297 3296 428 3358 damnat.
467 3296 646 3375 Repetitum
669 3287 707 3359 οῦ
730 3295 848 3375 ζῶσιν,
871 3286 909 3360 οῦ
934 3296 1092 3362 θανοῦσιν
1113 3302 1186 3378 post
1207 3289 1279 3364 οῦτε
1300 3302 1431 3384 βροτοῖς

180 3397 254 3474 odae
277 3413 395 3496 νεκροῖς
417 3409 488 3470 huic
509 3410 576 3471 loco
600 3429 688 3487 quam
712 3408 791 3486 quod
819 3408 948 3470 maxime
971 3410 1229 3472 accommodatum
1251 3417 1314 3488 est3
1351 3413 1431 3492 qnod

181 3517 262 3578 enim
283 3519 431 3581 horribile
452 3541 502 3580 rea
525 3522 632 3595 habet,
654 3519 687 3579 id
708 3518 773 3579 illis
788 3519 890 3582 verbis
909 3519 1094 3598 gravissime
1111 3521 1301 3601 exprimitur.
1331 3525 1452 3588 Recte.

181 3623 254 3697 οῦτε
282 3637 319 3692 ut
347 3633 499 3712 glossema
527 3631 721 3694 aBoeckhio
752 3635 950 3712 expunctum,
982 3627 1015 3694 ἐν
1046 3653 1065 3695 a
1090 3634 1131 3695 M.
1154 3633 1324 3714 Seyfferto;
1359 3641 1431 3716 post

180 3747 301 3830 νεκροῖς
324 3744 413 3823 (libri
435 3746 587 3829 νεκροῖσι)
610 3748 712 3805 autem
740 3763 800 3806 non
826 3743 982 3830 creperico,
1015 3765 1085 3805 nam
1113 3766 1175 3808 non
1204 3746 1266 3807 iam
1296 3752 1346 3809 est
1374 3748 1428 3824 ibi,

181 3854 234 3915 sed
257 3847 385 3939 ἔρχεται
408 3856 501 3935 (848)
525 3876 560 3917 eo
581 3855 758 3935 Antigona,
785 3854 981 3917 intercidisse
1009 3859 1102 3936 puto,
1129 3856 1184 3918 sed
1206 3852 1317 3933 ἰοῦσα,
1350 3859 1428 3939 quod

180 3965 326 4026 facillime
347 3970 419 4043 post
441 3984 508 4031 οισι
530 3967 712 4028 intercidere
734 3970 864 4044 poterat.
889 4002 926 4013 -

274 4075 309 4140 0.
334 4075 368 4140 0.
398 4077 461 4139 252
494 4079 588 4138 trium
618 4080 806 4157 syllabarum
838 4079 987 4140 defectum
1016 4079 1205 4142 monstravit
1226 4081 1427 4143 Hermannus.

181 4190 280 4265 Quum
301 4185 331 4255 εἰ
355 4183 438 4265 θεὸς
460 4180 533 4275 άγοι
554 4191 634 4250 nihil
656 4191 770 4250 habeat
792 4211 850 4268 quo
872 4191 1030 4266 referatur,
1053 4196 1125 4269 post
1141 4183 1232 4262 ὅστις
1253 4180 1292 4254 άν
1310 4191 1427 4271 aliquid

180 4303 330 4366 excidisse
358 4301 447 4364 oredo
477 4301 567 4380 idque
599 4305 670 4380 post
706 4291 746 4365 άν
777 4302 873 4364 fuisse
903 4295 984 4368 άταν
1013 4293 1069 4365 cfr.
1097 4302 1171 4365 Ant.
1195 4303 1257 4364 623
1288 4324 1334 4384 sq.
1363 4297 1426 4388 ῦτῳ

181 4411 303 4504 φρένας
324 4404 406 4486 θεὸς
427 4403 498 4500 άγει
520 4405 606 4502 πρὸς
628 4405 720 4478 άταν.
743 4448 784 4460 -
