<?xml version="1.0" encoding="UTF-8"?>
<!DOCTYPE html PUBLIC "-//W3C//DTD XHTML 1.0 Transitional//EN"
    "http://www.w3.org/TR/xhtml1/DTD/xhtml1-transitional.dtd">
<html xmlns="http://www.w3.org/1999/xhtml" xml:lang="en" lang="en">
 <head>
  <title>
</title>
<meta http-equiv="Content-Type" content="text/html;charset=utf-8" />
  <meta name='ocr-system' content='tesseract 3.04.00' />
  <meta name='ocr-capabilities' content='ocr_page ocr_carea ocr_par ocr_line ocrx_word'/>
</head>
<body>
  <div class='ocr_page' id='page_1' title='image "arssophocliseme00weckgoog_0045.png"; bbox 0 0 2956 4934; ppageno 0'>
   <div class='ocr_carea' id='block_1_1' title="bbox 631 285 754 376">
    <p class='ocr_par' dir='ltr' id='par_1_1' title="bbox 631 285 754 376">
     <span class='ocr_line' id='line_1_1' title="bbox 631 285 754 376; baseline -0.008 0"><span class='ocrx_word' id='word_1_1' title='bbox 631 285 754 376; x_wconf 82' lang='lat' dir='ltr'>¹eo</span> 
     </span>
    </p>
   </div>
   <div class='ocr_carea' id='block_1_2' title="bbox 113 544 1358 2116">
    <p class='ocr_par' dir='ltr' id='par_1_2' title="bbox 114 544 1358 964">
     <span class='ocr_line' id='line_1_2' title="bbox 201 544 1355 627; baseline 0 -21"><span class='ocrx_word' id='word_1_2' title='bbox 201 544 245 610; x_wconf 87' lang='lat' dir='ltr'>lb.</span> <span class='ocrx_word' id='word_1_3' title='bbox 269 544 334 607; x_wconf 87' lang='lat'>363</span> <span class='ocrx_word' id='word_1_4' title='bbox 360 544 526 607; x_wconf 78' lang='lat' dir='ltr'>innumeris</span> <span class='ocrx_word' id='word_1_5' title='bbox 556 545 739 608; x_wconf 79' lang='lat' dir='ltr'>coniecturis</span> <span class='ocrx_word' id='word_1_6' title='bbox 761 547 911 627; x_wconf 86' lang='lat' dir='ltr'>premitur</span> <span class='ocrx_word' id='word_1_7' title='bbox 931 549 986 608; x_wconf 84' lang='lat' dir='ltr'>cfr.</span> <span class='ocrx_word' id='word_1_8' title='bbox 1008 549 1098 608; x_wconf 89' lang='lat' dir='ltr'>Bern.</span> <span class='ocrx_word' id='word_1_9' title='bbox 1119 545 1251 608; x_wconf 85' lang='lat' dir='ltr'>Amoldi</span> <span class='ocrx_word' id='word_1_10' title='bbox 1273 545 1355 608; x_wconf 88' lang='lat' dir='ltr'>vind.</span> 
     </span>
     <span class='ocr_line' id='line_1_3' title="bbox 116 645 1358 743; baseline 0.002 -26"><span class='ocrx_word' id='word_1_11' title='bbox 116 656 255 736; x_wconf 86' lang='lat' dir='ltr'>Sophocl.</span> <span class='ocrx_word' id='word_1_12' title='bbox 277 678 306 736; x_wconf 90' lang='lat' dir='ltr'>p.</span> <span class='ocrx_word' id='word_1_13' title='bbox 322 658 362 718; x_wconf 87' lang='grc'>39</span> <span class='ocrx_word' id='word_1_14' title='bbox 387 679 450 737; x_wconf 86' lang='lat' dir='ltr'><strong>sqq.</strong></span> <span class='ocrx_word' id='word_1_15' title='bbox 486 660 588 720; x_wconf 88' lang='lat' dir='ltr'>Verba</span> <span class='ocrx_word' id='word_1_16' title='bbox 609 649 705 739; x_wconf 79' lang='grc' dir='ltr'>τούμὲ</span> <span class='ocrx_word' id='word_1_17' title='bbox 727 650 773 743; x_wconf 62' lang='grc' dir='ltr'>μὴ</span> <span class='ocrx_word' id='word_1_18' title='bbox 797 657 909 722; x_wconf 80' lang='grc' dir='ltr'><strong><em>λυπεῖν</em></strong></span> <span class='ocrx_word' id='word_1_19' title='bbox 930 645 1029 739; x_wconf 87' lang='grc' dir='ltr'><strong><em>μόνον</em></strong></span> <span class='ocrx_word' id='word_1_20' title='bbox 1050 661 1192 736; x_wconf 88' lang='lat' dir='ltr'>corrupta</span> <span class='ocrx_word' id='word_1_21' title='bbox 1213 657 1358 719; x_wconf 88' lang='lat' dir='ltr'>videntur</span> 
     </span>
     <span class='ocr_line' id='line_1_4' title="bbox 115 761 1358 856; baseline 0.001 -27"><span class='ocrx_word' id='word_1_22' title='bbox 115 772 170 829; x_wconf 93' lang='lat' dir='ltr'>aut</span> <span class='ocrx_word' id='word_1_23' title='bbox 197 789 234 829; x_wconf 90' lang='lat' dir='ltr'>ex</span> <span class='ocrx_word' id='word_1_24' title='bbox 260 765 357 849; x_wconf 76' lang='grc' dir='ltr'>τούμὲ</span> <span class='ocrx_word' id='word_1_25' title='bbox 386 761 431 853; x_wconf 66' lang='grc' dir='ltr'>μὴ</span> <span class='ocrx_word' id='word_1_26' title='bbox 461 769 572 832; x_wconf 77' lang='grc' dir='ltr'><strong><em>λυπεῖν</em></strong></span> <span class='ocrx_word' id='word_1_27' title='bbox 602 766 718 854; x_wconf 75' lang='grc' dir='ltr'><strong><em>φίλους</em></strong></span> <span class='ocrx_word' id='word_1_28' title='bbox 748 770 780 853; x_wconf 91' lang='lat' dir='ltr'>(i.</span> <span class='ocrx_word' id='word_1_29' title='bbox 802 791 825 830; x_wconf 88' lang='lat' dir='ltr'>e.</span> <span class='ocrx_word' id='word_1_30' title='bbox 849 761 905 834; x_wconf 74' lang='grc' dir='ltr'>τόν</span> <span class='ocrx_word' id='word_1_31' title='bbox 934 765 1076 856; x_wconf 78' lang='grc' dir='ltr'>πατέρα)</span> <span class='ocrx_word' id='word_1_32' title='bbox 1104 774 1158 831; x_wconf 89' lang='lat' dir='ltr'>aut</span> <span class='ocrx_word' id='word_1_33' title='bbox 1186 769 1292 849; x_wconf 81' lang='lat' dir='ltr'>potius</span> <span class='ocrx_word' id='word_1_34' title='bbox 1321 790 1358 830; x_wconf 86' lang='lat' dir='ltr'>ex</span> 
     </span>
     <span class='ocr_line' id='line_1_5' title="bbox 114 871 576 964; baseline -0.009 -20"><span class='ocrx_word' id='word_1_35' title='bbox 114 871 212 961; x_wconf 83' lang='grc' dir='ltr'>τούμὲ</span> <span class='ocrx_word' id='word_1_36' title='bbox 233 877 334 964; x_wconf 71' lang='grc' dir='ltr'><strong><em>μηδὲν</em></strong></span> <span class='ocrx_word' id='word_1_37' title='bbox 355 877 511 946; x_wconf 79' lang='grc' dir='ltr'><strong><em>εἰκαθεῖν.</em></strong></span> <span class='ocrx_word' id='word_1_38' title='bbox 535 915 576 925; x_wconf 90' lang='grc'>-</span> 
     </span>
    </p>

    <p class='ocr_par' dir='ltr' id='par_1_3' title="bbox 114 1001 1358 1774">
     <span class='ocr_line' id='line_1_6' title="bbox 201 1001 1357 1097; baseline -0.002 -25"><span class='ocrx_word' id='word_1_39' title='bbox 201 1013 283 1073; x_wconf 90' lang='lat' dir='ltr'>Haec</span> <span class='ocrx_word' id='word_1_40' title='bbox 305 1012 385 1073; x_wconf 87' lang='lat' dir='ltr'>ratio</span> <span class='ocrx_word' id='word_1_41' title='bbox 409 1013 502 1072; x_wconf 87' lang='lat' dir='ltr'>etiam</span> <span class='ocrx_word' id='word_1_42' title='bbox 523 1013 590 1075; x_wconf 92' lang='lat' dir='ltr'>loco</span> <span class='ocrx_word' id='word_1_43' title='bbox 611 1013 743 1074; x_wconf 89' lang='lat' dir='ltr'>nondum</span> <span class='ocrx_word' id='word_1_44' title='bbox 765 1017 873 1074; x_wconf 86' lang='lat' dir='ltr'>sanato</span> <span class='ocrx_word' id='word_1_45' title='bbox 895 1011 945 1074; x_wconf 71' lang='lat' dir='ltr'>Ae.</span> <span class='ocrx_word' id='word_1_46' title='bbox 958 1013 1022 1074; x_wconf 87' lang='grc'>770</span> <span class='ocrx_word' id='word_1_47' title='bbox 1044 1030 1086 1095; x_wconf 76' lang='lat' dir='ltr'>aq.</span> <span class='ocrx_word' id='word_1_48' title='bbox 1109 1003 1182 1076; x_wconf 80' lang='grc' dir='ltr'><strong><em>εἶτα</em></strong></span> <span class='ocrx_word' id='word_1_49' title='bbox 1205 1001 1357 1097; x_wconf 76' lang='grc' dir='ltr'><strong><em>δεύτερον</em></strong></span> 
     </span>
     <span class='ocr_line' id='line_1_7' title="bbox 114 1114 1355 1209; baseline -0.003 -22"><span class='ocrx_word' id='word_1_50' title='bbox 114 1119 191 1196; x_wconf 81' lang='grc' dir='ltr'><strong><em>δίας</em></strong></span> <span class='ocrx_word' id='word_1_51' title='bbox 213 1114 360 1196; x_wconf 82' lang='grc' dir='ltr'><strong><em>Ἀθάνας</em></strong></span> <span class='ocrx_word' id='word_1_52' title='bbox 382 1161 426 1170; x_wconf 89' lang='grc'><strong>-</strong></span> <span class='ocrx_word' id='word_1_53' title='bbox 453 1115 520 1187; x_wconf 78' lang='grc' dir='ltr'><strong><em>τότ’</em></strong></span> <span class='ocrx_word' id='word_1_54' title='bbox 543 1121 717 1209; x_wconf 73' lang='grc' dir='ltr'><strong><em>ἀντιφωνεῖ</em></strong></span> <span class='ocrx_word' id='word_1_55' title='bbox 741 1117 846 1187; x_wconf 79' lang='grc' dir='ltr'><strong><em>δεινὸν</em></strong></span> <span class='ocrx_word' id='word_1_56' title='bbox 869 1161 909 1170; x_wconf 92' lang='grc'><strong>-</strong></span> <span class='ocrx_word' id='word_1_57' title='bbox 934 1119 1011 1196; x_wconf 77' lang='grc' dir='ltr'><strong><em>ἔπος</em></strong></span> <span class='ocrx_word' id='word_1_58' title='bbox 1034 1145 1120 1204; x_wconf 91' lang='lat' dir='ltr'>opem</span> <span class='ocrx_word' id='word_1_59' title='bbox 1141 1125 1221 1186; x_wconf 87' lang='lat' dir='ltr'>ferre</span> <span class='ocrx_word' id='word_1_60' title='bbox 1242 1127 1355 1203; x_wconf 83' lang='lat' dir='ltr'>potest.</span> 
     </span>
     <span class='ocr_line' id='line_1_8' title="bbox 114 1228 1358 1316; baseline -0.001 -18"><span class='ocrx_word' id='word_1_61' title='bbox 114 1237 207 1298; x_wconf 88' lang='lat' dir='ltr'>Nemo</span> <span class='ocrx_word' id='word_1_62' title='bbox 231 1237 310 1297; x_wconf 92' lang='lat' dir='ltr'>enim</span> <span class='ocrx_word' id='word_1_63' title='bbox 339 1236 469 1314; x_wconf 86' lang='lat' dir='ltr'>prudens</span> <span class='ocrx_word' id='word_1_64' title='bbox 498 1257 600 1298; x_wconf 87' lang='lat' dir='ltr'>eorum</span> <span class='ocrx_word' id='word_1_65' title='bbox 628 1237 811 1298; x_wconf 88' lang='lat' dir='ltr'>sententiam</span> <span class='ocrx_word' id='word_1_66' title='bbox 839 1236 997 1316; x_wconf 80' lang='lat' dir='ltr'>probabit,</span> <span class='ocrx_word' id='word_1_67' title='bbox 1029 1236 1082 1315; x_wconf 92' lang='lat' dir='ltr'>qui</span> <span class='ocrx_word' id='word_1_68' title='bbox 1110 1232 1185 1308; x_wconf 82' lang='grc' dir='ltr'><strong><em>δίας</em></strong></span> <span class='ocrx_word' id='word_1_69' title='bbox 1206 1228 1358 1311; x_wconf 82' lang='grc' dir='ltr'><strong><em>’Λθάνας</em></strong></span> 
     </span>
     <span class='ocr_line' id='line_1_9' title="bbox 114 1337 1357 1432; baseline 0.002 -25"><span class='ocrx_word' id='word_1_70' title='bbox 114 1339 197 1431; x_wconf 77' lang='grc' dir='ltr'><strong><em>ἡνίκ’</em></strong></span> <span class='ocrx_word' id='word_1_71' title='bbox 220 1345 343 1432; x_wconf 80' lang='grc' dir='ltr'><strong><em>ηιῖδᾶτο</em></strong></span> <span class='ocrx_word' id='word_1_72' title='bbox 365 1347 479 1409; x_wconf 88' lang='lat' dir='ltr'>dictum</span> <span class='ocrx_word' id='word_1_73' title='bbox 501 1348 666 1427; x_wconf 73' lang='lat' dir='ltr'>opinantur</span> <span class='ocrx_word' id='word_1_74' title='bbox 687 1337 917 1421; x_wconf 81' lang='grc' dir='ltr'><strong><em>άνοκολοάθως</em></strong></span> <span class='ocrx_word' id='word_1_75' title='bbox 942 1369 998 1429; x_wconf 89' lang='lat' dir='ltr'>pro</span> <span class='ocrx_word' id='word_1_76' title='bbox 1021 1349 1050 1412; x_wconf 80' lang='grc' dir='ltr'>δ.</span> <span class='ocrx_word' id='word_1_77' title='bbox 1072 1339 1222 1421; x_wconf 86' lang='grc' dir='ltr'><strong><em>Ἀθάνας</em></strong></span> <span class='ocrx_word' id='word_1_78' title='bbox 1245 1344 1357 1412; x_wconf 75' lang='grc' dir='ltr'><strong><em>αὐδω-</em></strong></span> 
     </span>
     <span class='ocr_line' id='line_1_10' title="bbox 114 1455 1356 1542; baseline 0.001 -22"><span class='ocrx_word' id='word_1_79' title='bbox 114 1455 223 1541; x_wconf 62' lang='lat' dir='ltr'>perpe.</span> <span class='ocrx_word' id='word_1_80' title='bbox 257 1460 319 1522; x_wconf 86' lang='lat' dir='ltr'>Neo</span> <span class='ocrx_word' id='word_1_81' title='bbox 342 1460 470 1539; x_wconf 83' lang='lat' dir='ltr'>Bergkii</span> <span class='ocrx_word' id='word_1_82' title='bbox 492 1466 545 1521; x_wconf 90' lang='lat' dir='ltr'>aut</span> <span class='ocrx_word' id='word_1_83' title='bbox 566 1461 606 1522; x_wconf 81' lang='lat' dir='ltr'>M.</span> <span class='ocrx_word' id='word_1_84' title='bbox 626 1460 772 1540; x_wconf 86' lang='lat' dir='ltr'>Seyfferti</span> <span class='ocrx_word' id='word_1_85' title='bbox 794 1460 967 1523; x_wconf 86' lang='lat' dir='ltr'>coniectura</span> <span class='ocrx_word' id='word_1_86' title='bbox 990 1461 1162 1542; x_wconf 80' lang='lat' dir='ltr'>satisfecit3</span> <span class='ocrx_word' id='word_1_87' title='bbox 1185 1460 1223 1522; x_wconf 87' lang='lat' dir='ltr'>de</span> <span class='ocrx_word' id='word_1_88' title='bbox 1245 1461 1356 1522; x_wconf 81' lang='lat' dir='ltr'>ceteris</span> 
     </span>
     <span class='ocr_line' id='line_1_11' title="bbox 115 1559 1356 1658; baseline 0.005 -30"><span class='ocrx_word' id='word_1_89' title='bbox 115 1569 170 1630; x_wconf 86' lang='lat' dir='ltr'>cfr.</span> <span class='ocrx_word' id='word_1_90' title='bbox 193 1569 337 1648; x_wconf 85' lang='lat' dir='ltr'>Seyfferti</span> <span class='ocrx_word' id='word_1_91' title='bbox 359 1571 593 1634; x_wconf 71' lang='lat' dir='ltr'><strong>adnotationem.</strong></span> <span class='ocrx_word' id='word_1_92' title='bbox 636 1573 716 1634; x_wconf 89' lang='lat' dir='ltr'>Mihi</span> <span class='ocrx_word' id='word_1_93' title='bbox 743 1578 919 1652; x_wconf 89' lang='lat' dir='ltr'>corruptum</span> <span class='ocrx_word' id='word_1_94' title='bbox 940 1573 1063 1635; x_wconf 87' lang='lat' dir='ltr'>videtur</span> <span class='ocrx_word' id='word_1_95' title='bbox 1092 1559 1243 1658; x_wconf 75' lang='grc' dir='ltr'><strong><em>δεύτερον</em></strong></span> <span class='ocrx_word' id='word_1_96' title='bbox 1266 1591 1304 1633; x_wconf 85' lang='lat' dir='ltr'>ex</span> <span class='ocrx_word' id='word_1_97' title='bbox 1327 1567 1356 1634; x_wconf 76' lang='grc' dir='ltr'>δ’</span> 
     </span>
     <span class='ocr_line' id='line_1_12' title="bbox 114 1674 1002 1774; baseline -0.006 -21"><span class='ocrx_word' id='word_1_98' title='bbox 114 1677 161 1753; x_wconf 69' lang='grc' dir='ltr'>εἷς</span> <span class='ocrx_word' id='word_1_99' title='bbox 184 1675 251 1765; x_wconf 79' lang='grc' dir='ltr'><strong><em>ἔριν</em></strong></span> <span class='ocrx_word' id='word_1_100' title='bbox 273 1674 360 1766; x_wconf 76' lang='grc' dir='ltr'><strong><em>(εἶτα</em></strong></span> <span class='ocrx_word' id='word_1_101' title='bbox 384 1680 413 1747; x_wconf 77' lang='grc' dir='ltr'>δ’</span> <span class='ocrx_word' id='word_1_102' title='bbox 436 1680 483 1760; x_wconf 78' lang='grc' dir='ltr'><strong><em>εἰς</em></strong></span> <span class='ocrx_word' id='word_1_103' title='bbox 503 1680 571 1774; x_wconf 75' lang='grc' dir='ltr'><strong><em>ἔριν</em></strong></span> <span class='ocrx_word' id='word_1_104' title='bbox 592 1681 670 1762; x_wconf 81' lang='grc' dir='ltr'><strong><em>δίας</em></strong></span> <span class='ocrx_word' id='word_1_105' title='bbox 691 1678 839 1758; x_wconf 78' lang='grc' dir='ltr'><strong><em>Ἀθάνας</em></strong></span> <span class='ocrx_word' id='word_1_106' title='bbox 860 1681 937 1766; x_wconf 77' lang='lat' dir='ltr'>xri).</span> <span class='ocrx_word' id='word_1_107' title='bbox 965 1723 1002 1732; x_wconf 92' lang='lat'><em>-</em></span> 
     </span>
    </p>

    <p class='ocr_par' dir='ltr' id='par_1_4' title="bbox 113 1803 1357 2116">
     <span class='ocr_line' id='line_1_13' title="bbox 204 1803 1356 1901; baseline -0.001 -27"><span class='ocrx_word' id='word_1_108' title='bbox 204 1812 313 1875; x_wconf 82' lang='lat' dir='ltr'>Trccb.</span> <span class='ocrx_word' id='word_1_109' title='bbox 338 1813 400 1874; x_wconf 85' lang='lat'>196</span> <span class='ocrx_word' id='word_1_110' title='bbox 428 1807 465 1879; x_wconf 85' lang='grc' dir='ltr'>τὸ</span> <span class='ocrx_word' id='word_1_111' title='bbox 492 1807 552 1901; x_wconf 80' lang='grc' dir='ltr'>γάρ</span> <span class='ocrx_word' id='word_1_112' title='bbox 583 1815 714 1880; x_wconf 84' lang='grc' dir='ltr'><strong><em>ποθοῦν</em></strong></span> <span class='ocrx_word' id='word_1_113' title='bbox 742 1810 879 1887; x_wconf 61' lang='grc' dir='ltr'><strong><em>ἕκαστος</em></strong></span> <span class='ocrx_word' id='word_1_114' title='bbox 907 1809 1065 1894; x_wconf 78' lang='grc' dir='ltr'><strong><em>ἐκμαθεῖν</em></strong></span> <span class='ocrx_word' id='word_1_115' title='bbox 1094 1809 1201 1878; x_wconf 80' lang='grc' dir='ltr'><strong><em>θέλων</em></strong></span> <span class='ocrx_word' id='word_1_116' title='bbox 1230 1808 1290 1876; x_wconf 79' lang='grc' dir='ltr'>οὐκ</span> <span class='ocrx_word' id='word_1_117' title='bbox 1317 1803 1356 1876; x_wconf 71' lang='lat' dir='ltr'>«iv</span> 
     </span>
     <span class='ocr_line' id='line_1_14' title="bbox 113 1911 1357 2008; baseline 0.001 -22"><span class='ocrx_word' id='word_1_118' title='bbox 113 1927 249 2003; x_wconf 88' lang='grc' dir='ltr'><strong><em>μεθεῑτο</em></strong></span> <span class='ocrx_word' id='word_1_119' title='bbox 272 1962 316 1972; x_wconf 91' lang='lat'><em>-</em></span> <span class='ocrx_word' id='word_1_120' title='bbox 338 1927 391 2005; x_wconf 89' lang='lat' dir='ltr'>qui</span> <span class='ocrx_word' id='word_1_121' title='bbox 417 1919 454 1990; x_wconf 79' lang='grc' dir='ltr'>τὸ</span> <span class='ocrx_word' id='word_1_122' title='bbox 482 1928 614 1990; x_wconf 85' lang='grc' dir='ltr'><strong><em>ποθοῦν</em></strong></span> <span class='ocrx_word' id='word_1_123' title='bbox 642 1947 697 2007; x_wconf 91' lang='lat' dir='ltr'>pro</span> <span class='ocrx_word' id='word_1_124' title='bbox 726 1919 763 1990; x_wconf 86' lang='grc' dir='ltr'><em>τό</em></span> <span class='ocrx_word' id='word_1_125' title='bbox 786 1911 992 2008; x_wconf 72' lang='grc' dir='ltr'><strong><em>ποθούμενον</em></strong></span> <span class='ocrx_word' id='word_1_126' title='bbox 1015 1926 1150 2006; x_wconf 81' lang='lat' dir='ltr'>accipere</span> <span class='ocrx_word' id='word_1_127' title='bbox 1176 1945 1267 2005; x_wconf 85' lang='lat' dir='ltr'>posse</span> <span class='ocrx_word' id='word_1_128' title='bbox 1295 1925 1357 1987; x_wconf 84' lang='lat' dir='ltr'>sibi</span> 
     </span>
     <span class='ocr_line' id='line_1_15' title="bbox 113 2034 1356 2116; baseline 0.002 -21"><span class='ocrx_word' id='word_1_129' title='bbox 113 2034 269 2111; x_wconf 86' lang='lat' dir='ltr'>videntur,</span> <span class='ocrx_word' id='word_1_130' title='bbox 292 2037 332 2098; x_wconf 79' lang='lat' dir='ltr'>iia</span> <span class='ocrx_word' id='word_1_131' title='bbox 356 2038 495 2116; x_wconf 87' lang='lat' dir='ltr'>equidem</span> <span class='ocrx_word' id='word_1_132' title='bbox 516 2059 577 2101; x_wconf 94' lang='lat' dir='ltr'>non</span> <span class='ocrx_word' id='word_1_133' title='bbox 598 2039 730 2102; x_wconf 79' lang='lat' dir='ltr'><strong>invideo.</strong></span> <span class='ocrx_word' id='word_1_134' title='bbox 756 2038 832 2100; x_wconf 89' lang='lat' dir='ltr'>Loci</span> <span class='ocrx_word' id='word_1_135' title='bbox 854 2040 888 2100; x_wconf 91' lang='grc' dir='ltr'>Ο.</span> <span class='ocrx_word' id='word_1_136' title='bbox 901 2038 933 2100; x_wconf 82' lang='grc' dir='ltr'>Ο.</span> <span class='ocrx_word' id='word_1_137' title='bbox 951 2039 1033 2099; x_wconf 85' lang='grc'><strong>1219</strong></span> <span class='ocrx_word' id='word_1_138' title='bbox 1058 2038 1120 2098; x_wconf 90' lang='lat' dir='ltr'>alia</span> <span class='ocrx_word' id='word_1_139' title='bbox 1141 2038 1221 2100; x_wconf 90' lang='lat' dir='ltr'>ratio</span> <span class='ocrx_word' id='word_1_140' title='bbox 1244 2043 1300 2099; x_wconf 85' lang='lat' dir='ltr'>est.</span> <span class='ocrx_word' id='word_1_141' title='bbox 1315 2075 1356 2084; x_wconf 91' lang='lat'><strong>—</strong></span> 
     </span>
    </p>
   </div>
   <div class='ocr_carea' id='block_1_3' title="bbox 115 2127 1357 2234">
    <p class='ocr_par' dir='ltr' id='par_1_5' title="bbox 115 2127 1357 2234">
     <span class='ocr_line' id='line_1_16' title="bbox 115 2127 1357 2234; baseline 0 -27"><span class='ocrx_word' id='word_1_142' title='bbox 115 2146 175 2220; x_wconf 78' lang='lat' dir='ltr'>Qui</span> <span class='ocrx_word' id='word_1_143' title='bbox 197 2148 238 2208; x_wconf 88' lang='grc' dir='ltr'>Μ.</span> <span class='ocrx_word' id='word_1_144' title='bbox 260 2148 426 2211; x_wconf 83' lang='lat' dir='ltr'>Schmidtii</span> <span class='ocrx_word' id='word_1_145' title='bbox 453 2150 656 2213; x_wconf 87' lang='lat' dir='ltr'>coniecturam</span> <span class='ocrx_word' id='word_1_146' title='bbox 684 2127 812 2230; x_wconf 82' lang='lat' dir='ltr'>probare</span> <span class='ocrx_word' id='word_1_147' title='bbox 841 2155 944 2231; x_wconf 84' lang='lat' dir='ltr'>potest</span> <span class='ocrx_word' id='word_1_148' title='bbox 967 2137 1132 2234; x_wconf 76' lang='grc' dir='ltr'><strong><em>(ὁθούνεχ’</em></strong></span> <span class='ocrx_word' id='word_1_149' title='bbox 1153 2139 1198 2211; x_wconf 84' lang='grc' dir='ltr'>ὦν</span> <span class='ocrx_word' id='word_1_150' title='bbox 1218 2146 1357 2226; x_wconf 60' lang='grc' dir='ltr'><strong><em>ἕκαστος</em></strong></span> 
     </span>
    </p>
   </div>
   <div class='ocr_carea' id='block_1_4' title="bbox 112 2253 1359 2801">
    <p class='ocr_par' dir='ltr' id='par_1_6' title="bbox 112 2253 1359 2801">
     <span class='ocr_line' id='line_1_17' title="bbox 114 2253 1356 2343; baseline -0.003 -17"><span class='ocrx_word' id='word_1_151' title='bbox 114 2253 273 2339; x_wconf 68' lang='grc' dir='ltr'><strong><em>ἐκμαθεῖν</em></strong></span> <span class='ocrx_word' id='word_1_152' title='bbox 297 2258 420 2343; x_wconf 79' lang='grc' dir='ltr'><strong><em>θέλοι),</em></strong></span> <span class='ocrx_word' id='word_1_153' title='bbox 454 2263 482 2325; x_wconf 88' lang='lat' dir='ltr'>ei</span> <span class='ocrx_word' id='word_1_154' title='bbox 510 2265 603 2326; x_wconf 88' lang='lat' dir='ltr'>etiam</span> <span class='ocrx_word' id='word_1_155' title='bbox 624 2264 724 2325; x_wconf 84' lang='lat' dir='ltr'>minus</span> <span class='ocrx_word' id='word_1_156' title='bbox 748 2263 878 2326; x_wconf 81' lang='lat' dir='ltr'><strong>invideo.</strong></span> <span class='ocrx_word' id='word_1_157' title='bbox 921 2267 982 2326; x_wconf 88' lang='lat' dir='ltr'>Est</span> <span class='ocrx_word' id='word_1_158' title='bbox 1003 2285 1074 2326; x_wconf 90' lang='lat' dir='ltr'>vero</span> <span class='ocrx_word' id='word_1_159' title='bbox 1094 2260 1233 2335; x_wconf 65' lang='grc' dir='ltr'><strong><em>ἕκαστος</em></strong></span> <span class='ocrx_word' id='word_1_160' title='bbox 1255 2268 1356 2324; x_wconf 92' lang='lat' dir='ltr'>ortum</span> 
     </span>
     <span class='ocr_line' id='line_1_18' title="bbox 114 2355 1357 2461; baseline 0.001 -24"><span class='ocrx_word' id='word_1_161' title='bbox 114 2391 151 2432; x_wconf 81' lang='lat' dir='ltr'>ex</span> <span class='ocrx_word' id='word_1_162' title='bbox 178 2394 197 2456; x_wconf 82' lang='grc' dir='ltr'><em>η</em></span> <span class='ocrx_word' id='word_1_163' title='bbox 228 2373 294 2446; x_wconf 82' lang='grc' dir='ltr'>πᾶς</span> <span class='ocrx_word' id='word_1_164' title='bbox 324 2395 375 2447; x_wconf 84' lang='grc' dir='ltr'>τις</span> <span class='ocrx_word' id='word_1_165' title='bbox 406 2374 474 2459; x_wconf 85' lang='lat' dir='ltr'>(cfr.</span> <span class='ocrx_word' id='word_1_166' title='bbox 504 2375 538 2438; x_wconf 91' lang='grc' dir='ltr'>Ο.</span> <span class='ocrx_word' id='word_1_167' title='bbox 560 2375 593 2439; x_wconf 78' lang='grc' dir='ltr'>Ο.</span> <span class='ocrx_word' id='word_1_168' title='bbox 617 2377 680 2438; x_wconf 79' lang='lat'>775</span> <span class='ocrx_word' id='word_1_169' title='bbox 709 2396 759 2448; x_wconf 85' lang='grc' dir='ltr'>τις</span> <span class='ocrx_word' id='word_1_170' title='bbox 788 2355 869 2461; x_wconf 82' lang='grc' dir='ltr'><strong><em>αὕτη</em></strong></span> <span class='ocrx_word' id='word_1_171' title='bbox 897 2376 1095 2455; x_wconf 89' lang='lat' dir='ltr'>depravatum</span> <span class='ocrx_word' id='word_1_172' title='bbox 1124 2375 1157 2436; x_wconf 92' lang='lat' dir='ltr'>in</span> <span class='ocrx_word' id='word_1_173' title='bbox 1186 2363 1357 2459; x_wconf 77' lang='grc' dir='ltr'><strong><em>τοσαύτη),</em></strong></span> 
     </span>
     <span class='ocr_line' id='line_1_19' title="bbox 113 2477 1357 2578; baseline 0.002 -28"><span class='ocrx_word' id='word_1_174' title='bbox 113 2481 218 2563; x_wconf 75' lang='lat' dir='ltr'>itaque</span> <span class='ocrx_word' id='word_1_175' title='bbox 247 2486 407 2566; x_wconf 84' lang='lat' dir='ltr'>legendum</span> <span class='ocrx_word' id='word_1_176' title='bbox 437 2478 456 2555; x_wconf 75' lang='grc' dir='ltr'>ὃ</span> <span class='ocrx_word' id='word_1_177' title='bbox 481 2482 541 2578; x_wconf 79' lang='grc' dir='ltr'>γάρ</span> <span class='ocrx_word' id='word_1_178' title='bbox 572 2489 691 2555; x_wconf 85' lang='grc' dir='ltr'><strong><em>ποθοῖν</em></strong></span> <span class='ocrx_word' id='word_1_179' title='bbox 719 2477 756 2576; x_wconf 77' lang='grc' dir='ltr'>ἦν</span> <span class='ocrx_word' id='word_1_180' title='bbox 785 2489 852 2566; x_wconf 84' lang='grc' dir='ltr'>πᾶς</span> <span class='ocrx_word' id='word_1_181' title='bbox 879 2509 947 2568; x_wconf 87' lang='grc' dir='ltr'><strong><em>τις,</em></strong></span> <span class='ocrx_word' id='word_1_182' title='bbox 978 2482 1136 2570; x_wconf 77' lang='grc' dir='ltr'><strong><em>ἐκμαθεῖν</em></strong></span> <span class='ocrx_word' id='word_1_183' title='bbox 1164 2483 1274 2552; x_wconf 82' lang='grc' dir='ltr'><strong><em>θέλων</em></strong></span> <span class='ocrx_word' id='word_1_184' title='bbox 1303 2483 1357 2552; x_wconf 77' lang='grc' dir='ltr'>κτὲ</span> 
     </span>
     <span class='ocr_line' id='line_1_20' title="bbox 114 2594 1359 2690; baseline 0.004 -31"><span class='ocrx_word' id='word_1_185' title='bbox 114 2599 182 2676; x_wconf 79' lang='lat' dir='ltr'>(cfr.</span> <span class='ocrx_word' id='word_1_186' title='bbox 205 2599 255 2660; x_wconf 85' lang='grc' dir='ltr'>Αἰ.</span> <span class='ocrx_word' id='word_1_187' title='bbox 278 2601 320 2661; x_wconf 84' lang='grc'>28</span> <span class='ocrx_word' id='word_1_188' title='bbox 349 2594 461 2684; x_wconf 73' lang='grc' dir='ltr'><strong><em>ἐκείνῳ</em></strong></span> <span class='ocrx_word' id='word_1_189' title='bbox 491 2603 558 2676; x_wconf 83' lang='grc' dir='ltr'>πᾶς</span> <span class='ocrx_word' id='word_1_190' title='bbox 585 2623 636 2676; x_wconf 86' lang='grc' dir='ltr'>τις</span> <span class='ocrx_word' id='word_1_191' title='bbox 660 2600 771 2668; x_wconf 78' lang='grc' dir='ltr'><strong><em>αἰτίαν</em></strong></span> <span class='ocrx_word' id='word_1_192' title='bbox 793 2599 898 2684; x_wconf 74' lang='grc' dir='ltr'><strong><em>νέμει,</em></strong></span> <span class='ocrx_word' id='word_1_193' title='bbox 926 2603 975 2664; x_wconf 85' lang='lat' dir='ltr'>El.</span> <span class='ocrx_word' id='word_1_194' title='bbox 1000 2601 1065 2662; x_wconf 84' lang='lat'>984</span> <span class='ocrx_word' id='word_1_195' title='bbox 1086 2600 1153 2675; x_wconf 84' lang='grc' dir='ltr'><strong><em>ποῖς</em></strong></span> <span class='ocrx_word' id='word_1_196' title='bbox 1174 2621 1227 2674; x_wconf 88' lang='grc' dir='ltr'>τις</span> <span class='ocrx_word' id='word_1_197' title='bbox 1257 2597 1359 2690; x_wconf 81' lang='grc' dir='ltr'><strong><em>ἐξερεῖ</em></strong></span> 
     </span>
     <span class='ocr_line' id='line_1_21' title="bbox 112 2703 1356 2801; baseline -0.001 -27"><span class='ocrx_word' id='word_1_198' title='bbox 112 2707 247 2798; x_wconf 71' lang='grc' dir='ltr'><strong><em>βροτῶν,</em></strong></span> <span class='ocrx_word' id='word_1_199' title='bbox 270 2711 307 2773; x_wconf 91' lang='lat' dir='ltr'>de</span> <span class='ocrx_word' id='word_1_200' title='bbox 330 2713 451 2777; x_wconf 85' lang='grc' dir='ltr'><strong><em>ποθοῖν</em></strong></span> <span class='ocrx_word' id='word_1_201' title='bbox 473 2703 509 2800; x_wconf 80' lang='grc' dir='ltr'>ἦν</span> <span class='ocrx_word' id='word_1_202' title='bbox 532 2715 642 2776; x_wconf 79' lang='lat' dir='ltr'>Traoh.</span> <span class='ocrx_word' id='word_1_203' title='bbox 666 2716 707 2776; x_wconf 80' lang='lat'>22</span> <span class='ocrx_word' id='word_1_204' title='bbox 731 2706 821 2788; x_wconf 79' lang='grc' dir='ltr'><strong><em>ὅστις</em></strong></span> <span class='ocrx_word' id='word_1_205' title='bbox 843 2703 880 2801; x_wconf 75' lang='grc' dir='ltr'>ἦν</span> <span class='ocrx_word' id='word_1_206' title='bbox 902 2713 1019 2780; x_wconf 81' lang='grc' dir='ltr'><strong><em>θακοῖν</em></strong></span> <span class='ocrx_word' id='word_1_207' title='bbox 1041 2718 1072 2774; x_wconf 91' lang='lat' dir='ltr'>et</span> <span class='ocrx_word' id='word_1_208' title='bbox 1094 2715 1129 2775; x_wconf 90' lang='lat'>0.</span> <span class='ocrx_word' id='word_1_209' title='bbox 1151 2714 1188 2774; x_wconf 85' lang='lat' dir='ltr'>R.</span> <span class='ocrx_word' id='word_1_210' title='bbox 1211 2713 1298 2792; x_wconf 80' lang='lat'><strong>801).</strong></span> <span class='ocrx_word' id='word_1_211' title='bbox 1315 2748 1356 2758; x_wconf 92' lang='lat'>—</span> 
     </span>
    </p>
   </div>
   <div class='ocr_carea' id='block_1_5' title="bbox 112 2849 1358 3605">
    <p class='ocr_par' dir='ltr' id='par_1_7' title="bbox 112 2849 1358 3605">
     <span class='ocr_line' id='line_1_22' title="bbox 199 2849 1358 2934; baseline 0.003 -24"><span class='ocrx_word' id='word_1_212' title='bbox 199 2849 279 2911; x_wconf 80' lang='lat' dir='ltr'><strong>Phil.</strong></span> <span class='ocrx_word' id='word_1_213' title='bbox 292 2849 376 2912; x_wconf 74' lang='lat'><strong><em>1402</em></strong></span> <span class='ocrx_word' id='word_1_214' title='bbox 398 2873 491 2913; x_wconf 92' lang='lat' dir='ltr'>unum</span> <span class='ocrx_word' id='word_1_215' title='bbox 514 2853 593 2933; x_wconf 86' lang='lat' dir='ltr'>apud</span> <span class='ocrx_word' id='word_1_216' title='bbox 616 2854 739 2916; x_wconf 84' lang='lat' dir='ltr'>melicos</span> <span class='ocrx_word' id='word_1_217' title='bbox 761 2854 956 2934; x_wconf 83' lang='lat' dir='ltr'>tragicosque</span> <span class='ocrx_word' id='word_1_218' title='bbox 978 2858 1084 2933; x_wconf 87' lang='lat' dir='ltr'>poetas</span> <span class='ocrx_word' id='word_1_219' title='bbox 1106 2853 1174 2931; x_wconf 84' lang='lat' dir='ltr'>(cfr.</span> <span class='ocrx_word' id='word_1_220' title='bbox 1191 2853 1304 2914; x_wconf 85' lang='lat' dir='ltr'>Rossb.</span> <span class='ocrx_word' id='word_1_221' title='bbox 1326 2856 1358 2913; x_wconf 89' lang='lat' dir='ltr'>et</span> 
     </span>
     <span class='ocr_line' id='line_1_23' title="bbox 112 2964 1357 3047; baseline -0.002 -20"><span class='ocrx_word' id='word_1_222' title='bbox 112 2964 253 3044; x_wconf 87' lang='lat' dir='ltr'>Westph.</span> <span class='ocrx_word' id='word_1_223' title='bbox 275 2964 339 3038; x_wconf 91' lang='grc' dir='ltr'>ΠΙ,</span> <span class='ocrx_word' id='word_1_224' title='bbox 371 2965 447 3042; x_wconf 77' lang='grc'><strong>149)</strong></span> <span class='ocrx_word' id='word_1_225' title='bbox 469 2967 639 3046; x_wconf 80' lang='lat' dir='ltr'>exemplum</span> <span class='ocrx_word' id='word_1_226' title='bbox 667 2967 824 3047; x_wconf 79' lang='lat' dir='ltr'>neglectae</span> <span class='ocrx_word' id='word_1_227' title='bbox 845 2986 988 3028; x_wconf 80' lang='lat' dir='ltr'>caesurae</span> <span class='ocrx_word' id='word_1_228' title='bbox 1009 2965 1167 3046; x_wconf 82' lang='lat' dir='ltr'>legitimae</span> <span class='ocrx_word' id='word_1_229' title='bbox 1188 2985 1243 3026; x_wconf 90' lang='lat' dir='ltr'>nec</span> <span class='ocrx_word' id='word_1_230' title='bbox 1265 2985 1357 3026; x_wconf 90' lang='lat' dir='ltr'>versu</span> 
     </span>
     <span class='ocr_line' id='line_1_24' title="bbox 112 3075 1357 3159; baseline 0.002 -22"><span class='ocrx_word' id='word_1_231' title='bbox 112 3075 258 3155; x_wconf 84' lang='lat' dir='ltr'>Aeschyl.</span> <span class='ocrx_word' id='word_1_232' title='bbox 274 3079 357 3138; x_wconf 87' lang='lat' dir='ltr'>Pers.</span> <span class='ocrx_word' id='word_1_233' title='bbox 371 3078 440 3153; x_wconf 86' lang='grc'>165,</span> <span class='ocrx_word' id='word_1_234' title='bbox 463 3082 499 3139; x_wconf 89' lang='lat' dir='ltr'>ut</span> <span class='ocrx_word' id='word_1_235' title='bbox 512 3079 647 3154; x_wconf 82' lang='lat' dir='ltr'>videtur,</span> <span class='ocrx_word' id='word_1_236' title='bbox 671 3084 812 3159; x_wconf 87' lang='lat' dir='ltr'>corrupto</span> <span class='ocrx_word' id='word_1_237' title='bbox 834 3100 889 3140; x_wconf 91' lang='lat' dir='ltr'>neo</span> <span class='ocrx_word' id='word_1_238' title='bbox 910 3098 1057 3159; x_wconf 86' lang='lat' dir='ltr'>personae</span> <span class='ocrx_word' id='word_1_239' title='bbox 1078 3078 1256 3153; x_wconf 83' lang='lat' dir='ltr'>mutatione,</span> <span class='ocrx_word' id='word_1_240' title='bbox 1280 3098 1357 3157; x_wconf 84' lang='lat' dir='ltr'>quae</span> 
     </span>
     <span class='ocr_line' id='line_1_25' title="bbox 112 3177 1355 3276; baseline -0.002 -25"><span class='ocrx_word' id='word_1_241' title='bbox 112 3190 278 3251; x_wconf 86' lang='lat' dir='ltr'>Hermenni</span> <span class='ocrx_word' id='word_1_242' title='bbox 300 3190 402 3270; x_wconf 92' lang='lat' dir='ltr'>opinio</span> <span class='ocrx_word' id='word_1_243' title='bbox 425 3195 487 3266; x_wconf 85' lang='lat' dir='ltr'>est,</span> <span class='ocrx_word' id='word_1_244' title='bbox 509 3192 648 3253; x_wconf 85' lang='lat' dir='ltr'>excusari</span> <span class='ocrx_word' id='word_1_245' title='bbox 670 3197 781 3270; x_wconf 86' lang='lat' dir='ltr'>potest.</span> <span class='ocrx_word' id='word_1_246' title='bbox 813 3193 851 3252; x_wconf 93' lang='lat' dir='ltr'>In</span> <span class='ocrx_word' id='word_1_247' title='bbox 865 3181 893 3252; x_wconf 76' lang='lat' dir='ltr'>oi</span> <span class='ocrx_word' id='word_1_248' title='bbox 903 3195 1043 3274; x_wconf 74' lang='grc' dir='ltr'><strong><em>γενναῖον</em></strong></span> <span class='ocrx_word' id='word_1_249' title='bbox 1059 3192 1138 3251; x_wconf 91' lang='lat' dir='ltr'>latet</span> <span class='ocrx_word' id='word_1_250' title='bbox 1148 3178 1212 3253; x_wconf 80' lang='grc' dir='ltr'>ὦδε</span> <span class='ocrx_word' id='word_1_251' title='bbox 1225 3177 1355 3276; x_wconf 83' lang='grc' dir='ltr'><strong><em>χαρτόν,</em></strong></span> 
     </span>
     <span class='ocr_line' id='line_1_26' title="bbox 112 3291 1356 3384; baseline 0 -22"><span class='ocrx_word' id='word_1_252' title='bbox 112 3302 145 3362; x_wconf 93' lang='lat' dir='ltr'>in</span> <span class='ocrx_word' id='word_1_253' title='bbox 168 3323 225 3380; x_wconf 89' lang='lat' dir='ltr'>quo</span> <span class='ocrx_word' id='word_1_254' title='bbox 248 3324 316 3365; x_wconf 90' lang='lat' dir='ltr'>cum</span> <span class='ocrx_word' id='word_1_255' title='bbox 338 3291 367 3365; x_wconf 77' lang='lat' dir='ltr'>oi</span> <span class='ocrx_word' id='word_1_256' title='bbox 388 3324 480 3366; x_wconf 82' lang='lat' dir='ltr'>causa</span> <span class='ocrx_word' id='word_1_257' title='bbox 500 3305 662 3384; x_wconf 87' lang='lat' dir='ltr'>perspicua</span> <span class='ocrx_word' id='word_1_258' title='bbox 676 3326 731 3384; x_wconf 87' lang='lat' dir='ltr'>pro</span> <span class='ocrx_word' id='word_1_259' title='bbox 751 3304 963 3366; x_wconf 88' lang='lat' dir='ltr'>interiectione</span> <span class='ocrx_word' id='word_1_260' title='bbox 975 3308 1131 3382; x_wconf 88' lang='lat' dir='ltr'>acceptum</span> <span class='ocrx_word' id='word_1_261' title='bbox 1142 3308 1232 3377; x_wconf 86' lang='lat' dir='ltr'>esset,</span> <span class='ocrx_word' id='word_1_262' title='bbox 1255 3308 1356 3364; x_wconf 88' lang='lat' dir='ltr'>cetera</span> 
     </span>
     <span class='ocr_line' id='line_1_27' title="bbox 112 3406 1356 3496; baseline 0.002 -22"><span class='ocrx_word' id='word_1_263' title='bbox 112 3419 275 3474; x_wconf 86' lang='lat' dir='ltr'>consecuta</span> <span class='ocrx_word' id='word_1_264' title='bbox 303 3419 382 3475; x_wconf 86' lang='lat' dir='ltr'>sunt.</span> <span class='ocrx_word' id='word_1_265' title='bbox 424 3417 528 3477; x_wconf 87' lang='lat' dir='ltr'>Verba</span> <span class='ocrx_word' id='word_1_266' title='bbox 560 3413 588 3480; x_wconf 84' lang='grc' dir='ltr'><strong><em>εἰ</em></strong></span> <span class='ocrx_word' id='word_1_267' title='bbox 621 3416 723 3490; x_wconf 82' lang='grc' dir='ltr'><strong><em>δοκεῖ,</em></strong></span> <span class='ocrx_word' id='word_1_268' title='bbox 758 3413 937 3496; x_wconf 79' lang='grc' dir='ltr'><strong><em>στείχωμεν</em></strong></span> <span class='ocrx_word' id='word_1_269' title='bbox 971 3406 1036 3478; x_wconf 79' lang='grc' dir='ltr'><strong><em>ὦδε</em></strong></span> <span class='ocrx_word' id='word_1_270' title='bbox 1065 3420 1136 3495; x_wconf 87' lang='lat' dir='ltr'>post</span> <span class='ocrx_word' id='word_1_271' title='bbox 1163 3415 1356 3476; x_wconf 84' lang='lat' dir='ltr'>Philoctetae</span> 
     </span>
     <span class='ocr_line' id='line_1_28' title="bbox 112 3522 1355 3605; baseline 0.004 -19"><span class='ocrx_word' id='word_1_272' title='bbox 112 3524 281 3586; x_wconf 91' lang='lat' dir='ltr'>orationem</span> <span class='ocrx_word' id='word_1_273' title='bbox 304 3525 400 3586; x_wconf 91' lang='lat' dir='ltr'>multo</span> <span class='ocrx_word' id='word_1_274' title='bbox 423 3526 694 3588; x_wconf 84' lang='lat' dir='ltr'>accommodatiora</span> <span class='ocrx_word' id='word_1_275' title='bbox 717 3531 789 3587; x_wconf 85' lang='lat' dir='ltr'>sunt</span> <span class='ocrx_word' id='word_1_276' title='bbox 812 3528 1083 3605; x_wconf 86' lang='lat' dir='ltr'>quamsoleverba</span> <span class='ocrx_word' id='word_1_277' title='bbox 1098 3522 1126 3591; x_wconf 82' lang='lat' dir='ltr'>ai</span> <span class='ocrx_word' id='word_1_278' title='bbox 1144 3527 1241 3601; x_wconf 81' lang='grc' dir='ltr'><strong><em>δοκεῖ,</em></strong></span> <span class='ocrx_word' id='word_1_279' title='bbox 1265 3523 1355 3590; x_wconf 87' lang='grc' dir='ltr'><strong><em>στεί-</em></strong></span> 
     </span>
    </p>
   </div>
   <div class='ocr_carea' id='block_1_6' title="bbox 112 3630 1284 3726">
    <p class='ocr_par' dir='ltr' id='par_1_8' title="bbox 112 3630 1284 3726">
     <span class='ocr_line' id='line_1_29' title="bbox 112 3630 1284 3726; baseline 0.003 -29"><span class='ocrx_word' id='word_1_280' title='bbox 112 3657 228 3717; x_wconf 87' lang='grc' dir='ltr'><strong><em>χωμεν.</em></strong></span> <span class='ocrx_word' id='word_1_281' title='bbox 273 3636 336 3698; x_wconf 80' lang='lat' dir='ltr'>cfr.</span> <span class='ocrx_word' id='word_1_282' title='bbox 360 3639 469 3699; x_wconf 81' lang='lat' dir='ltr'>Traoh.</span> <span class='ocrx_word' id='word_1_283' title='bbox 492 3639 555 3702; x_wconf 81' lang='lat'>228</span> <span class='ocrx_word' id='word_1_284' title='bbox 577 3630 696 3723; x_wconf 79' lang='grc' dir='ltr'><strong><em>χαρτὸν</em></strong></span> <span class='ocrx_word' id='word_1_285' title='bbox 718 3635 750 3700; x_wconf 81' lang='grc' dir='ltr'><strong><em>εἲ</em></strong></span> <span class='ocrx_word' id='word_1_286' title='bbox 772 3661 804 3701; x_wconf 90' lang='grc' dir='ltr'>τι</span> <span class='ocrx_word' id='word_1_287' title='bbox 826 3636 880 3702; x_wconf 79' lang='grc' dir='ltr'>καὶ</span> <span class='ocrx_word' id='word_1_288' title='bbox 906 3634 1033 3726; x_wconf 77' lang='grc' dir='ltr'><strong><em>φέρεις,</em></strong></span> <span class='ocrx_word' id='word_1_289' title='bbox 1055 3641 1103 3701; x_wconf 89' lang='lat' dir='ltr'>El.</span> <span class='ocrx_word' id='word_1_290' title='bbox 1128 3639 1221 3700; x_wconf 82' lang='lat'><strong>1457.</strong></span> <span class='ocrx_word' id='word_1_291' title='bbox 1246 3675 1284 3684; x_wconf 85' lang='lat'>—</span> 
     </span>
    </p>
   </div>
   <div class='ocr_carea' id='block_1_7' title="bbox 111 3776 1356 4291">
    <p class='ocr_par' dir='ltr' id='par_1_9' title="bbox 111 3776 1356 4291">
     <span class='ocr_line' id='line_1_30' title="bbox 197 3776 1355 3858; baseline 0.002 -20"><span class='ocrx_word' id='word_1_292' title='bbox 197 3777 236 3838; x_wconf 91' lang='lat' dir='ltr'>In</span> <span class='ocrx_word' id='word_1_293' title='bbox 258 3776 316 3839; x_wconf 90' lang='lat' dir='ltr'>hoo</span> <span class='ocrx_word' id='word_1_294' title='bbox 337 3776 436 3854; x_wconf 86' lang='lat' dir='ltr'>igitur</span> <span class='ocrx_word' id='word_1_295' title='bbox 456 3797 565 3855; x_wconf 83' lang='lat' dir='ltr'>genere</span> <span class='ocrx_word' id='word_1_296' title='bbox 586 3777 724 3838; x_wconf 88' lang='lat' dir='ltr'>ducenda</span> <span class='ocrx_word' id='word_1_297' title='bbox 753 3783 826 3839; x_wconf 85' lang='lat' dir='ltr'>sunt</span> <span class='ocrx_word' id='word_1_298' title='bbox 846 3777 939 3854; x_wconf 85' lang='lat' dir='ltr'>vitia,</span> <span class='ocrx_word' id='word_1_299' title='bbox 970 3778 1058 3858; x_wconf 90' lang='lat' dir='ltr'>quale</span> <span class='ocrx_word' id='word_1_300' title='bbox 1088 3784 1136 3839; x_wconf 82' lang='lat' dir='ltr'>est</span> <span class='ocrx_word' id='word_1_301' title='bbox 1158 3780 1268 3841; x_wconf 84' lang='lat' dir='ltr'>Trach.</span> <span class='ocrx_word' id='word_1_302' title='bbox 1293 3780 1355 3840; x_wconf 81' lang='lat'>970</span> 
     </span>
     <span class='ocr_line' id='line_1_31' title="bbox 114 3875 1356 3973; baseline 0.002 -21"><span class='ocrx_word' id='word_1_303' title='bbox 114 3876 260 3952; x_wconf 87' lang='grc' dir='ltr'><strong><em>θανόντα</em></strong></span> <span class='ocrx_word' id='word_1_304' title='bbox 282 3909 337 3967; x_wconf 87' lang='lat' dir='ltr'>pro</span> <span class='ocrx_word' id='word_1_305' title='bbox 362 3875 726 3952; x_wconf 62' lang='lat' dir='ltr'>ceremoniarum</span> <span class='ocrx_word' id='word_1_306' title='bbox 748 3886 853 3970; x_wconf 70' lang='grc' dir='ltr'><strong><em>ἴδοιμ’</em></strong></span> <span class='ocrx_word' id='word_1_307' title='bbox 876 3880 915 3954; x_wconf 85' lang='grc' dir='ltr'>άν</span> <span class='ocrx_word' id='word_1_308' title='bbox 937 3912 965 3971; x_wconf 92' lang='lat' dir='ltr'>p.</span> <span class='ocrx_word' id='word_1_309' title='bbox 988 3886 1131 3973; x_wconf 81' lang='grc' dir='ltr'><strong><em>ἰδοίμην.</em></strong></span> <span class='ocrx_word' id='word_1_310' title='bbox 1165 3893 1261 3954; x_wconf 83' lang='lat' dir='ltr'>Etsi</span> <span class='ocrx_word' id='word_1_311' title='bbox 1283 3894 1356 3955; x_wconf 89' lang='lat' dir='ltr'>Her·</span> 
     </span>
     <span class='ocr_line' id='line_1_32' title="bbox 111 3993 1355 4084; baseline 0.003 -22"><span class='ocrx_word' id='word_1_312' title='bbox 111 4020 239 4062; x_wconf 84' lang='lat' dir='ltr'>mannus</span> <span class='ocrx_word' id='word_1_313' title='bbox 260 4000 309 4062; x_wconf 87' lang='lat' dir='ltr'>El.</span> <span class='ocrx_word' id='word_1_314' title='bbox 333 4001 395 4060; x_wconf 82' lang='lat'>139</span> <span class='ocrx_word' id='word_1_315' title='bbox 419 3993 489 4066; x_wconf 79' lang='grc' dir='ltr'><strong><em>οὔτε</em></strong></span> <span class='ocrx_word' id='word_1_316' title='bbox 512 4000 650 4064; x_wconf 88' lang='grc' dir='ltr'><strong><em>λιταῖσιν</em></strong></span> <span class='ocrx_word' id='word_1_317' title='bbox 672 4007 754 4064; x_wconf 85' lang='lat' dir='ltr'>recte</span> <span class='ocrx_word' id='word_1_318' title='bbox 775 4003 947 4066; x_wconf 87' lang='lat' dir='ltr'>emendavit</span> <span class='ocrx_word' id='word_1_319' title='bbox 968 4003 1001 4064; x_wconf 91' lang='lat' dir='ltr'>in</span> <span class='ocrx_word' id='word_1_320' title='bbox 1030 3995 1098 4067; x_wconf 78' lang='grc' dir='ltr'>οὔτ’</span> <span class='ocrx_word' id='word_1_321' title='bbox 1130 3993 1262 4084; x_wconf 84' lang='grc' dir='ltr'><strong><em>άνταις,</em></strong></span> <span class='ocrx_word' id='word_1_322' title='bbox 1296 4027 1355 4069; x_wconf 89' lang='lat' dir='ltr'>non</span> 
     </span>
     <span class='ocr_line' id='line_1_33' title="bbox 111 4112 1354 4196; baseline 0.005 -20"><span class='ocrx_word' id='word_1_323' title='bbox 111 4113 210 4177; x_wconf 82' lang='lat' dir='ltr'>solum</span> <span class='ocrx_word' id='word_1_324' title='bbox 237 4112 347 4175; x_wconf 87' lang='lat' dir='ltr'>literae</span> <span class='ocrx_word' id='word_1_325' title='bbox 376 4112 578 4196; x_wconf 65' lang='lat' dir='ltr'>(Anemo),</span> <span class='ocrx_word' id='word_1_326' title='bbox 613 4115 665 4177; x_wconf 84' lang='lat' dir='ltr'>sed</span> <span class='ocrx_word' id='word_1_327' title='bbox 687 4114 779 4178; x_wconf 88' lang='lat' dir='ltr'>etiam</span> <span class='ocrx_word' id='word_1_328' title='bbox 801 4135 908 4178; x_wconf 80' lang='lat' dir='ltr'>sensus</span> <span class='ocrx_word' id='word_1_329' title='bbox 929 4115 963 4178; x_wconf 92' lang='lat' dir='ltr'>in</span> <span class='ocrx_word' id='word_1_330' title='bbox 985 4116 1235 4196; x_wconf 87' lang='lat' dir='ltr'>corrumpendum</span> <span class='ocrx_word' id='word_1_331' title='bbox 1256 4118 1354 4182; x_wconf 88' lang='lat' dir='ltr'>locum</span> 
     </span>
     <span class='ocr_line' id='line_1_34' title="bbox 111 4227 220 4291; baseline -0.037 0"><span class='ocrx_word' id='word_1_332' title='bbox 111 4227 220 4291; x_wconf 88' lang='lat' dir='ltr'>veluit.</span> 
     </span>
    </p>
   </div>
   <div class='ocr_carea' id='block_1_8' title="bbox 111 4366 1353 4566">
    <p class='ocr_par' dir='ltr' id='par_1_10' title="bbox 111 4366 1353 4566">
     <span class='ocr_line' id='line_1_35' title="bbox 202 4366 1353 4449; baseline -0.002 -18"><span class='ocrx_word' id='word_1_333' title='bbox 202 4366 414 4431; x_wconf 83' lang='lat' dir='ltr'>Trccb.1221</span> <span class='ocrx_word' id='word_1_334' title='bbox 437 4368 534 4431; x_wconf 92' lang='lat' dir='ltr'>multo</span> <span class='ocrx_word' id='word_1_335' title='bbox 556 4367 748 4431; x_wconf 83' lang='lat' dir='ltr'>tolerabilior</span> <span class='ocrx_word' id='word_1_336' title='bbox 768 4369 805 4431; x_wconf 85' lang='lat' dir='ltr'>fit</span> <span class='ocrx_word' id='word_1_337' title='bbox 827 4368 1021 4431; x_wconf 78' lang='lat' dir='ltr'>accusativus</span> <span class='ocrx_word' id='word_1_338' title='bbox 1043 4385 1097 4446; x_wconf 86' lang='lat' dir='ltr'>ce,</span> <span class='ocrx_word' id='word_1_339' title='bbox 1119 4368 1148 4430; x_wconf 89' lang='lat' dir='ltr'>si</span> <span class='ocrx_word' id='word_1_340' title='bbox 1168 4389 1224 4449; x_wconf 92' lang='lat' dir='ltr'>pro</span> <span class='ocrx_word' id='word_1_341' title='bbox 1246 4368 1353 4436; x_wconf 82' lang='grc' dir='ltr'><strong><em>τέκνον</em></strong></span> 
     </span>
     <span class='ocr_line' id='line_1_36' title="bbox 111 4469 1352 4566; baseline 0.004 -24"><span class='ocrx_word' id='word_1_342' title='bbox 111 4481 258 4544; x_wconf 79' lang='lat' dir='ltr'>scribitur</span> <span class='ocrx_word' id='word_1_343' title='bbox 267 4479 367 4548; x_wconf 85' lang='grc' dir='ltr'><strong><em>τελεῖν</em></strong></span> <span class='ocrx_word' id='word_1_344' title='bbox 376 4482 444 4562; x_wconf 85' lang='lat' dir='ltr'>(cir.</span> <span class='ocrx_word' id='word_1_345' title='bbox 452 4481 530 4544; x_wconf 83' lang='lat' dir='ltr'><strong>0.B.</strong></span> <span class='ocrx_word' id='word_1_346' title='bbox 538 4480 601 4543; x_wconf 80' lang='lat'>252</span> <span class='ocrx_word' id='word_1_347' title='bbox 613 4473 688 4561; x_wconf 80' lang='grc' dir='ltr'><strong><em>ὑμῖν</em></strong></span> <span class='ocrx_word' id='word_1_348' title='bbox 700 4475 736 4547; x_wconf 83' lang='grc' dir='ltr'>δὲ</span> <span class='ocrx_word' id='word_1_349' title='bbox 750 4477 854 4544; x_wconf 81' lang='grc' dir='ltr'><strong><em>ταῦτα</em></strong></span> <span class='ocrx_word' id='word_1_350' title='bbox 865 4469 960 4544; x_wconf 73' lang='grc' dir='ltr'><strong><em>πάντ’</em></strong></span> <span class='ocrx_word' id='word_1_351' title='bbox 974 4473 1167 4566; x_wconf 74' lang='grc' dir='ltr'><strong><em>ἐπισκήπτω</em></strong></span> <span class='ocrx_word' id='word_1_352' title='bbox 1179 4481 1303 4563; x_wconf 72' lang='grc' dir='ltr'><strong><em>τελεῖν).</em></strong></span> <span class='ocrx_word' id='word_1_353' title='bbox 1312 4515 1352 4529; x_wconf 90' lang='lat'><em>-</em></span> 
     </span>
    </p>
   </div>
   <div class='ocr_carea' id='block_1_9' title="bbox 0 0 1482 4934">
    <p class='ocr_par' dir='ltr' id='par_1_11' title="bbox 0 0 1482 4934">
     <span class='ocr_line' id='line_1_37' title="bbox 0 0 1482 4934; baseline 0 1"><span class='ocrx_word' id='word_1_354' title='bbox 0 0 1482 4934; x_wconf 95' lang='lat' dir='ltr'> </span> 
     </span>
    </p>
   </div>
  </div>
 </body>
</html>
