2956 4934
701 290 740 356 71

614 395 820 415 mmmm

92 529 159 597 τοῖς
180 517 241 613 γαρ
257 520 429 614 ἐμπείροις
444 525 572 610 βροτῶν
594 528 754 589 molestum
777 532 809 590 et
829 527 992 611 vitiosum,
1016 535 1082 606 τοῖς
1094 522 1155 617 γαρ
1170 527 1341 619 ἐμπείροις

90 636 201 700 κακοῖν
223 638 337 715 idest,
359 639 440 719 qued
461 639 623 701 desideras.
647 675 688 687 -

178 747 226 812 It.
249 749 313 810 297
336 751 410 828 qnid
431 750 492 811 sibi
514 751 583 813 vult
605 742 750 822 σκοπὸςῖ
782 751 858 813 Alie
879 752 960 815 retio
977 758 1032 816 est
1053 775 1081 814 v.
1100 755 1141 815 35
1164 756 1232 833 (eir.
1247 755 1339 832 1096,

91 862 173 923 Phil
198 863 284 940 125).
329 862 482 924 Nimirum
504 882 617 924 memor
638 883 746 924 versus
770 864 811 923 35
843 865 990 926 librarius
1012 833 1165 945 πομνίδς,
1187 866 1268 944 quod
1289 865 1340 931 hie

91 995 184 1036 sensu
206 963 389 1054 postuletur,
413 973 445 1035 iu
469 968 595 1050 σκοπὸς
616 974 749 1036 mutavit
773 976 842 1058 (cfr.
866 977 921 1052 70,
944 977 978 1038 Ο.
1000 978 1038 1038 R.
1061 977 1132 1052 289,
1155 976 1229 1039 Ant.
1255 978 1340 1056 164)

90 1085 252 1147 Contrarie
266 1085 312 1146 eb.
326 1083 410 1146 1019
433 1077 567 1166 πομπὸν
588 1084 787 1164 depravatum
810 1090 858 1148 est
879 1106 917 1147 ex
940 1082 1064 1152 σκοπὸν
1087 1087 1156 1169 (cfr.
1173 1087 1250 1149 Ant.
1266 1089 1338 1164 215,

88 1196 140 1259 Ai.
153 1197 241 1276 945).
273 1198 377 1260 Minus
399 1201 541 1260 eeeurete
562 1196 744 1276 interpretes
766 1199 875 1261 volunt
897 1199 936 1260 ed
959 1191 1082 1264 σκοπὸν
1102 1196 1137 1264 δὲ
1160 1222 1202 1281 με
1224 1204 1340 1286 χωρεῖν

89 1309 249 1372 subaudiri
261 1301 430 1390 βούλομαι,
452 1329 520 1372 eum
541 1309 597 1370 illa
614 1311 708 1372 verbe
730 1310 913 1392 simpliciter
935 1311 1040 1391 posite
1060 1310 1125 1372 sint
1143 1331 1198 1392 pre
1216 1309 1340 1377 σκοποῦ

88 1443 153 1502 μου
175 1421 363 1505 χωροῦντος.
387 1456 428 1467 -

175 1533 195 1594 I
197 1534 223 1595 b.
235 1532 300 1594 554
322 1525 448 1598 ἀκούων
467 1537 641 1613 corruptum
662 1537 710 1596 eet
725 1535 934 1598 recordatione
950 1557 978 1598 v.
991 1536 1052 1596 551
1070 1557 1130 1599 neu
1146 1557 1183 1597 ex
1198 1535 1339 1615 (reclude)

87 1635 242 1722 λιὺσσο,ιν
265 1646 344 1724 quod
366 1644 522 1707 Neuelrius
545 1649 577 1706 et
599 1645 782 1724 Bleydesius
805 1647 1015 1723 eonieeit‚-
974 1669 1099 1709 n-on
1122 1669 1197 1708 sene
1220 1647 1338 1760 excogi-

87 1757 172 1819 tevit
193 1756 420 1819 Heimeoethius
445 1757 513 1819 Cur.
537 1757 606 1819 erit
630 1759 698 1838 lp.
722 1759 783 1820 321
808 1794 859 1834 -,
882 1759 934 1819 sed
957 1779 995 1819 ex
1018 1751 1250 1823 ἀπαντῶν.

174 1866 218 1933 Il.
241 1867 305 1930 562
327 1890 382 1949 pre
405 1869 450 1930 elt
436 1872 501 1931 tero
525 1857 570 1941 eis
591 1859 750 1930 malim
718 1891 749 1935 οι
783 1856 1094 1955 (ἐπαιδεύθην).-

174 1979 226 2044 El.
248 1980 311 2042 221
334 1980 408 2044 libri
437 1982 553 2043 habent
581 1977 614 2044 ἕν
643 1983 761 2055 δεινοῖς
790 1970 999 2068 ἠναγκάσθην
1028 1977 1062 2044 ἐν
1089 1980 1224 2056 δεινοῖς,
1257 1979 1338 2059 quud

85 2094 142 2155 alii
165 2094 258 2155 aliter
280 2098 375 2156 metro
398 2095 630 2173 adaptaverunt.
674 2093 762 2168 Quod
784 2097 877 2174 poete
898 2093 1038 2174 scripsit,
1067 2091 1146 2172 legit
1167 2071 1337 2154 seholiaste

87 2209 140 2288 qui
163 2207 309 2269 eduetet:
338 2197 404 2273 δια
427 2202 468 2270 δὲ
490 2199 559 2290 triu
582 2197 813 2293 ὑπέρβασιν
835 2206 913 2274 τῶν
936 2205 1078 2270 δεινοῖν
1110 2197 1336 2292 ἀναγκάζομαι

85 2313 149 2382 uri.
193 2318 289 2397 Legit
311 2317 391 2379 euim
414 2320 519 2398 proeul
541 2318 632 2381 dubio
654 2339 715 2380 non
739 2318 818 2398 qued
840 2318 877 2380 G.
899 2319 1044 2382 Wolffius
1067 2316 1103 2378 de
1127 2316 1220 2378 sebol.
1243 2318 1334 2378 Leur.

84 2451 113 2510 p.
136 2431 180 2492 34
203 2419 377 2510 suspicatus
400 2434 448 2491 est
471 2417 679 2515 ἠναγκάσθην
701 2428 735 2493 ἐν
759 2420 980 2518 εἷπερδεινοῖς,
1010 2429 1063 2491 sed
1091 2428 1208 2501 δεινοῖς
1237 2419 1335 2513 ἡναγ-

85 2529 216 2627 anirum
239 2541 369 2620 δεινοῖν,
393 2543 473 2622 quod
494 2547 529 2604 ut
550 2534 675 2632 ἄρρητα
699 2532 846 2629 ἀρρὴιοιν
869 2541 916 2623 (Ο.
939 2543 977 2602 R.
1000 2540 1090 2622 465),
1119 2531 1203 2605 κακοί
1226 2537 1335 2602 κακῶν

86 2655 135 2732 (Ο.
148 2653 180 2715 Ο.
194 2653 301 2738 1238),
320 2647 425 2719 πισιοί
443 2653 570 2719 πισιιδν
590 2653 748 2737 (Aeschyl.
760 2655 845 2724 Pers.
856 2652 932 2736 681)
944 2653 1060 2714 dietum
1077 2656 1148 2734 epte
1166 2651 1335 2713 scholiasta

84 2767 306 2847 interpretatus
323 2771 372 2829 eet
387 2758 444 2831 duci
461 2763 518 2853 τῆν
535 2758 716 2854 ὑπέρβασιν
733 2765 799 2831 uuir
820 2765 935 2830 δεινῶν
952 2765 1077 2845 perinde
1096 2768 1187 2844 atque
1208 2765 1250 2826 ib.
1270 2765 1332 2826 849

85 2876 215 2944 δειλαία
244 2875 399 2965 δειλαίων
425 2883 531 2964 κυρεῖς
561 2881 628 2942 hoe,
647 2879 735 2941 medo
765 2877 932 2952 intellexit,
965 2881 1047 2940 reete
1076 2883 1112 2940 ut
1131 2879 1268 2952 videtur,
1301 2882 1334 2940 et

83 2991 305 3070 interpretatus
328 2995 376 3052 eet
395 2987 453 3055 ἐπί
477 2977 739 3078 ἅπαριγγορὴιοις
757 2993 881 3065 κακοῖς,
903 2989 931 3051 ei
953 2988 1041 3052 modo
1063 3011 1125 3052 nen
1147 2990 1245 3052 solum
1267 3009 1332 3053 sen·

82 3103 230 3178 tentiam,
253 3103 307 3166 sed
328 3103 422 3165 etiem
442 3104 538 3166 verba
560 3103 723 3181 epeetevit
745 3137 787 3146 --

169 3213 213 3278 lb.
236 3213 301 3278 780
323 3207 394 3281 eiius
415 3205 526 3287 νακιός
548 3208 651 3279 ὕπνον
673 3205 740 3279 οὔτ’
762 3211 799 3294 ἐξ
820 3204 944 3302 ἡμέρας
965 3219 1141 3294 corruptum
1163 3234 1231 3275 esse
1252 3213 1334 3277 vidit

81 3327 262 3404 Meiuekiue,
286 3329 339 3407 qui
348 3328 460 3390 Philol.
471 3328 532 3390 XX
544 3349 573 3408 p.
588 3328 649 3388 719
674 3326 804 3391 coniecit
815 3317 880 3391 οὔτ’
899 3318 953 3413 ἐφ’
973 3318 1104 3415 ἡμέρας.
1135 3325 1333 3389 Seribeudurn

80 3440 206 3502 videtur
226 3431 265 3504 οδ
287 3437 364 3520 μεθ’
389 3431 531 3526 ἡμέραν,
561 3440 642 3519 quod
675 3445 801 3520 propter
822 3427 895 3504 ον’ίιε
918 3425 1034 3512 νυκτός
1055 3439 1255 3519 depravatum
1277 3443 1333 3503 est

81 3553 149 3614 Ηοο
180 3551 260 3612 enim
288 3548 368 3634 μεθ’
396 3541 518 3637 ἡμέραν
547 3555 619 3631 (eir.
642 3554 715 3614 Eur.
738 3552 788 3614 Or.
812 3550 874 3636 58)
905 3557 1021 3615 rectum
1049 3551 1174 3614 exhibet
1203 3572 1332 3614 sensum.

81 3663 129 3725 De
148 3654 226 3735 ὀὕιε
248 3699 290 3711 --
313 3655 351 3729 οίι
378 3685 407 3725 v.
430 3664 503 3726 Ant.
527 3664 589 3725 249
619 3684 662 3744 eq.
693 3655 765 3729 οἷίιε
794 3686 852 3729 rev
879 3663 1010 3750 γενῇδος
1038 3699 1078 3710 -
1107 3657 1146 3728 οὐ
1177 3659 1332 3747 δικέλλης,

82 3777 117 3839 0
140 3774 266 3838 (1972
295 3768 370 3840 edre
398 3766 606 3855 βλάστας-
635 3769 781 3861 πατρὸς,
814 3767 852 3840 οὐ
883 3764 1023 3863 μητρός,
1052 3778 1125 3838 Itur.
1148 3775 1200 3838 Or.
1220 3774 1277 3837 41
1287 3787 1332 3854 sq.

79 3877 157 3951 οίίιε
179 3889 253 3949 σῖτα
277 3876 335 3950 διοέ
357 3881 454 3971 δίρνς
475 3881 629 3966 ἐδέξατο,
651 3882 693 3951 οδ
712 3874 821 3975 λούτρ’
844 3881 945 3952 ε”δωκε
968 3882 1081 3973 χρωτί.
1104 3922 1149 3933 -

169 3999 269 4061 Valde
290 3997 397 4060 dubito
420 4019 459 4060 en
480 3997 561 4061 idem
582 3998 622 4062 ib
635 3997 698 4062 139
717 3999 855 4063 evenerit
876 4002 908 4063 et
928 3989 1222 4094 prouideri-eruribus
1237 3959 1333 4070 seribi

81 4112 225 4189 oporteat
245 4131 284 4175 σα
273 4105 421 4182 λινοῖς.
440 4144 482 4155 -

168 4219 214 4284 Ib.
225 4216 329 4284 878³
312 4219 454 4309 εναργῶς
475 4215 640 4302 propter
617 4240 732 4310 ωσπερ
754 4221 834 4284 abiit
855 4243 894 4288 ex
910 4211 1041 4311 ἕναργίς
1062 4221 1229 4301 (adieetivo
1251 4221 1333 4284 euim
1456 4286 1458 4290 ,

81 4353 202 4413 semper
225 4333 392 4414 Sophocles
421 4333 485 4397 utit
471 4333 581 4396 turO.
603 4333 636 4397 0
660 4335 732 4397 910.
762 4335 872 4399 Treeb
894 4335 966 4401 224.
990 4335 1040 4396 11.
1068 4332 1142 4396 Ant.
1156 4334 1237 4449 795
1260 4332 1332 4419 263

81 4445 117 4506 0
139 4444 178 4506 u
201 4443 353 4530 335).-
