2956 4934
780 275 823 338 04

697 379 903 394 ΛΝνυᾺΝννν·ιν]ι

506 561 543 631 b.
578 559 766 631 versuum
787 558 879 630 ordo
901 559 1091 632 inversus.

264 705 395 769 Constat
415 727 557 770 versuum
587 705 693 768 ordine
723 705 867 768 mutando
897 705 1038 786 plurimis
1060 704 1221 784 Euripidis
1251 705 1427 767 fabularum

177 817 254 881 loeis
280 819 378 881 luoem
406 819 592 900 adparuisse.
635 818 728 900 Apud
758 819 938 899 Sophoclem
971 839 1033 880 una
1069 818 1218 880 eiusmodi
1250 819 1427 881 oonieotura

177 953 357 994 eonsensum
396 933 529 995 omnium
567 932 656 1008 tulit,
698 932 871 1013 Musgravii
900 931 937 995 de
972 928 1007 994 0.
1040 928 1074 994 G.
1111 930 1308 994 327—331.
1366 932 1426 994 Hio

177 1047 257 1108 enim
285 1047 433 1126 cognovit
452 1047 557 1109 versui
579 1047 642 1108 328
675 1067 762 1108 suum
789 1049 888 1109 looum
911 1067 977 1109 esse
1001 1051 1072 1107 ante
1098 1067 1127 1108 v.
1152 1046 1223 1106 331.
1266 1044 1426 1106 Nauohius

177 1159 303 1239 longius
321 1179 503 1239 progressus
525 1163 573 1221 ost
595 1159 629 1220 in
652 1159 757 1220 ordine
778 1179 921 1220 versuum
943 1159 1087 1220 mutando
1118 1163 1204 1219 ratus
1235 1157 1325 1219 binos
1355 1164 1427 1237 post

176 1272 266 1336 binos
293 1293 416 1348 versus,
452 1272 524 1332 327.
554 1272 618 1333 328
647 1276 718 1351 post
746 1272 818 1333 329.
849 1273 911 1333 330
943 1271 1096 1335 conlocari
1123 1271 1239 1333 debere.
1283 1271 1364 1332 Mihi
1393 1272 1425 1333 in

176 1387 305 1462 utroque
327 1383 432 1446 ordine
454 1383 571 1462 aliquid
592 1383 868 1464 reprehendendum
890 1382 1026 1459 videtur,
1058 1382 1091 1442 in
1113 1382 1183 1458 illo,
1208 1381 1287 1460 quod
1308 1381 1427 1442 nullam

178 1515 300 1558 oausam
321 1495 472 1575 perspicio
494 1494 620 1576 repetiti
641 1484 671 1556 oi
691 1490 799 1560 τέκνον
826 1486 928 1580 tinem
962 1490 1071 1559 τέκνον
1099 1490 1263 1580 πέφηνας
1297 1493 1331 1554 in
1360 1494 1425 1568 hoo,

180 1609 260 1689 quod
281 1609 478 1670 inhumanum
501 1613 549 1670 est
569 1609 721 1670 Ismenam
743 1610 836 1671 verba
858 1603 917 1672 οὐκ
940 1598 1016 1673 ἄνευ
1037 1594 1171 1688 μόχθου
1191 1602 1224 1692 ye'
1247 1627 1307 1686 μοι
1338 1607 1425 1686 prius

176 1722 374 1802 pronuntiare
398 1743 487 1801 quam
509 1721 565 1782 illa
587 1709 616 1782 a}
638 1710 743 1808 πάτερ
767 1707 917 1805 δύσμοιρ’
931 1712 1018 1805 ὁρᾶν.
1052 1719 1130 1793 Quis
1153 1739 1225 1782 vero
1247 1739 1309 1782 non
1331 1719 1425 1793 videt,

176 1836 251 1898 haee
272 1837 367 1899 verba
388 1834 540 1896 dicentem
564 1854 721 1896 occurrere
744 1833 839 1894 filiam
860 1832 967 1914 patri?
1000 1833 1121 1894 Natura
1142 1837 1174 1893 et
1195 1832 1328 1901 veritate
1349 1832 1426 1892 mihi

176 1949 226 2011 hio
249 1948 322 2010 ordo
344 1948 461 2027 requiri
481 1947 619 2010 videtur:

262 2061 325 2120 327
349 2065 386 2126 Ο.
409 2049 437 2124 ὦ
458 2057 569 2125 τέκνον
592 2051 697 2144 {jurem
720 2064 746 2122 I.
769 2046 798 2121 td
819 2045 925 2146 πάτερ
947 2043 1099 2142 δόσμοιρ’
1123 2047 1212 2144 ὁρᾶν.

215 2165 219 2175 ’
262 2173 326 2232 330
349 2175 385 2236 Ο.
408 2158 637 2259 πρόσψαυσον,
659 2160 688 2233 oi
709 2174 779 2236 παῖ.
803 2174 829 2234 I.
852 2156 996 2254 θιγγάνω
1020 2169 1110 2234 δυοῖν
1133 2160 1225 2250 ὁμοῦ.

261 2284 324 2345 323
349 2288 384 2350 0.
408 2278 528 2364 τέκνον,
551 2278 716 2368 reimerum
740 2287 765 2347 1.
786 2278 844 2346 οὐκ
867 2271 941 2348 ἄνευ
962 2272 1097 2363 μόχθον
1120 2276 1154 2365 γε’
1177 2301 1248 2362 μοι.

262 2394 326 2456 328
350 2399 386 2461 0.
410 2386 438 2462 ω’
461 2383 579 2480 σπέρμ’
603 2386 763 2474 ὅμαιμον
785 2398 810 2457 Ι.
834 2380 863 2456 ὦ
884 2389 939 2466 δὶς
961 2384 1080 2459 douae
1103 2389 1239 2480 τροφαί.

262 2507 324 2567 331
350 2510 387 2571 0.
410 2495 431 2592 ἦ
453 2504 552 2591 τῆσδε
574 2502 692 2585 κάμοῦ;
715 2510 743 2568 l.
767 2496 933 2592 δυσμόρου
955 2494 981 2568 ν’
1005 2499 1086 2585 ἐμοῦ
1107 2502 1232 2590 τρίτης.
1265 2596 1266 2603 ¹

174 2620 261 2683 Nune
274 2619 408 2698 Oedipus
430 2615 541 2682 τέκνον
564 2613 753 2704 πέφηνας
775 2616 864 2693 dioit,
887 2637 979 2696 quum
1001 2616 1138 2678 dextram
1161 2616 1244 2678 filiae
1265 2618 1424 2699 amplexus

174 2733 314 2798 inhaeret
335 2739 367 2796 et
387 2734 482 2797 filiam
506 2755 592 2795 suam
615 2733 675 2795 sibi
706 2733 812 2796 adesse
840 2753 947 2794 manus
978 2732 1195 2795 attrectatione
1223 2734 1334 2810 sentit,
1372 2735 1425 2813 qui

175 2847 272 2910 oeulis
294 2866 415 2910 eernere
444 2867 505 2910 non
532 2851 646 2926 potest.
689 2847 777 2908 Nune
808 2845 902 2908 etiam
931 2846 1061 2907 maxime
1090 2845 1347 2908 aooommodatum
1377 2853 1425 2909 eet

174 2961 253 3023 illud
276 2949 303 3024 ὦ
327 2954 444 3047 σπέρμ’
468 2951 612 3041 ὅμαιμον
634 2964 706 3040 post
727 2961 822 3023 verba
842 2951 900 3025 οὐκ
922 2950 999 3023 ἄνευ
1020 2951 1152 3038 μόχθον
1174 2956 1207 3043 ye'
1230 2981 1307 3040 μοι,
1338 2965 1375 3022 ut
1397 2959 1426 3021 si

174 3074 259 3137 dieat
281 3075 416 3154 Oedipus
446 3073 511 3135 vim
533 3072 701 3135 eommunis
722 3073 903 3153 sanguinisf
926 3073 990 3136 vim
1019 3071 1148 3152 pietatis
1178 3092 1325 3134 summam
1358 3093 1426 3135 esse

174 3208 336 3267 omnesque
358 3188 479 3250 labores
501 3205 654 3268 suparare.
698 3185 772 3248 Sive
793 3186 893 3266 igitur
915 3181 969 3261 δὶς
990 3174 1108 3250 ἄθλιαι
1133 3183 1336 3264 depravatum
1358 3190 1427 3247 erat

173 3303 207 3364 in
229 3289 412 3366 δυσά37ιαι
434 3301 501 3364 sive
521 3320 584 3362 non
605 3303 687 3374 erat,
710 3298 823 3378 aliquis
845 3298 937 3362 δυοῖν
959 3288 1041 3376 ὁμοῦ
1062 3286 1176 3387 31110οἦ
1197 3295 1297 3380 τῆσδε
1320 3295 1428 3378 raptori

173 3416 272 3476 looum
292 3415 404 3475 habere
421 3418 509 3475 ratus
520 3432 664 3474 versuum
684 3410 819 3473 ordinem
838 3409 910 3470 330.
933 3409 1004 3469 323.
1028 3409 1092 3469 328
1114 3408 1425 3487 oiroumvertit(328.

175 3525 247 3586 eae.
271 3525 357 3602 aso).
380 3560 421 3571 -

259 3655 369 3734 Itaque
399 3653 560 3716 eonsilium
587 3651 837 3732 deprehendimus
860 3649 893 3713 in
920 3652 978 3712 hao
1000 3671 1143 3714 versuum
1165 3651 1426 3731 transpositione;

174 3787 253 3828 nuno
275 3789 348 3830 num
369 3771 482 3828 temere
504 3769 537 3826 et
560 3784 633 3826 oasu
656 3763 773 3844 aliquid
794 3763 827 3824 in
855 3765 912 3826 hoo
944 3784 1054 3843 genere
1075 3764 1222 3826 vitiatum
1248 3765 1307 3840 sit,
1337 3785 1427 3844 quae·

174 3879 261 3941 ritur.
307 3879 369 3941 cfr.
392 3879 426 3940 0.
449 3878 481 3940 0.
511 3877 712 3940 11131120
745 3876 888 3957 „inverso
917 3877 1023 3939 ordine
1051 3879 1197 3956 leguntur
1224 3877 1257 3939 in
1278 3879 1340 3953 La,
1372 3879 1428 3941 sed

175 3993 330 4072 adscripto
351 3996 375 4073 β
397 3996 429 4054 et
452 3994 502 4055 a“.

259 4122 368 4183 Multis
383 4126 419 4183 ut
433 4122 490 4184 Gn.
502 4122 668 4196 Dindorfio‚
691 4121 730 4183 A.
739 4121 885 4196 Nauohio‚
908 4121 960 4182 Fr.
970 4121 1088 4183 Haasio
1103 4121 1178 4200 (ind
1194 4121 1279 4183 lectt.
1291 4122 1424 4184 Vratisl.

175 4233 320 4318 185617),
342 4236 381 4296 R.
404 4237 527 4315 Engero
550 4236 676 4312 (Philol.
700 4236 740 4295 15
763 4255 791 4314 p.
810 4235 894 4313 107),
916 4235 974 4297 Gru.
991 4235 1141 4297 Teuffelio
1164 4236 1263 4314 (Iahn.
1287 4255 1356 4296 ann
1380 4236 1422 4296 87

173 4370 202 4428 p.
214 4350 276 4411 393
290 4351 369 4429 sqq.)
380 4349 525 4427 probavit
536 4347 570 4408 O.
582 4348 769 4410 Rihhaohius
785 4369 851 4408 eam
866 4348 1024 4422 rationem,
1048 4369 1107 4427 qua
1119 4347 1154 4409 0.
1162 4349 1200 4408 R.
1212 4370 1241 4409 v.
1251 4348 1424 4410 246-251

172 4466 245 4541 post
267 4460 330 4524 272
353 4460 506 4526 oonlooari
527 4461 629 4523 iussit
663 4461 731 4523 Iam
752 4460 833 4541 apud
844 4462 937 4524 Dobr.
950 4460 1044 4542 (Λᾶν.
1067 4461 1115 4538 11,
1138 4461 1162 4536 Ι,
1185 4461 1243 4542 32)
1264 4462 1329 4524 tale
1351 4461 1426 4541 quid
