2956 4934
730 253 772 314 50

125 491 290 572 prudenter
311 491 352 552 iis
376 510 451 570 qnae
472 490 539 569 ipae
562 489 693 563 invenit,
717 487 967 568 probabilitatem
985 504 1046 546 non
1065 484 1209 546 adfectat.
1236 480 1375 544 Necessi-

124 609 191 666 tate
214 604 343 683 quadam
364 624 419 683 pro
442 600 540 667 οίκιον
568 602 736 680 requiritur
766 599 914 664 σνοποῖνε
944 590 1065 682 ἀρχαῖα
1086 589 1128 662 cd
1152 593 1374 675 Λαβδακιδᾶν

124 717 267 792 σκοπῶν,
288 706 416 800 ὁρῶμαι
440 714 539 790 ‚video
560 715 643 775 mala
664 714 755 775 melis
777 733 880 775 eorum
903 712 955 791 qui
973 716 1064 772 antea
1078 711 1163 772 fuere
1180 707 1373 781 accedentia,

122 834 159 890 nt
179 829 276 890 latine
298 828 409 901 dicam,
433 827 588 906 quiequid
609 828 643 888 in
660 822 834 912 φθιμένων
855 827 966 899 lateat,
990 821 1124 909 φθιτῶν
1142 821 1207 904 (vel
1218 817 1373 906 φθίντων

123 943 176 1007 cfr.
203 943 310 1021 Dind)
341 962 381 1003 an
411 943 496 1002 alind
529 941 616 1019 quid,
650 941 769 1015 neseio;
803 927 988 1024 ίνφίντιον,
1022 937 1101 1017 quod
1129 937 1169 997 M.
1199 935 1372 1014 Seyffertue

122 1055 296 1135 enepieatus
319 1059 381 1129 eut,
404 1074 465 1115 non
486 1053 583 1114 latere
606 1053 678 1114 ecio.
701 1087 744 1100 —-

206 1169 259 1248 Π,
295 1173 329 1233 T.
375 1167 409 1229 Ο.
432 1167 465 1230 (l.
495 1167 557 1228 179
591 1161 738 1241 ἐτίβαινε
770 1167 860 1242 (corr.
893 1158 943 1227 ἔτι
975 1162 1080 1243 βαῖνε)
1116 1181 1171 1240 pro
1203 1155 1370 1238 ἐπίβαινε,

121 1281 154 1343 0.
169 1283 207 1343 Β.
222 1281 286 1342 724
308 1277 464 1366 ἐντρίπου
485 1304 505 1344 τ
527 1301 565 1342 ex
586 1302 612 1342 π
635 1279 734 1354 facto;
757 1277 830 1338 Ant.
844 1276 907 1337 249
931 1297 999 1338 που
1020 1295 1048 1354 p.
1062 1295 1135 1350 του,
1162 1273 1224 1334 786
1240 1295 1370 1360 πατρο-

120 1384 235 1471 νόμσις
255 1413 283 1471 p.
305 1388 334 1456 τ’
356 1384 558 1478 ἀγρονόμοις.
603 1391 713 1453 Nescio
736 1411 775 1450 an
800 1386 836 1452 Ο.
859 1387 897 1451 R.
920 1386 1004 1462 287,
1036 1407 1218 1466 quemqnam
1246 1365 1368 1465 sae‘pinu

120 1504 285 1584 Sophocles
307 1509 428 1583 praeter
458 1504 717 1583 exspectationem
746 1503 850 1563 activa
878 1505 909 1562 et
935 1500 1035 1562 media
1063 1503 1232 1578 permutat,
1245 1493 1369 1560 ttamen

118 1620 184 1682 iure
199 1619 371 1680 Meinekiue
393 1621 450 1681 hoc
472 1620 538 1680 loco
559 1619 688 1680 medium
706 1604 900 1700 ἐπραξάμην
922 1615 1143 1679 incommodum
1164 1633 1231 1676 eeee
1253 1613 1369 1675 dixerit

119 1737 152 1793 et
174 1732 364 1794 scribendum
386 1732 445 1807 sit,
469 1753 560 1811 quum
570 1731 717 1793 Meinekii
729 1731 903 1792 coniectura
916 1719 1104 1816 ἐπράξαμεν
1118 1749 1226 1808 parum
1236 1728 1366 1807 placeat,

118 1830 285 1929 ἐτἀξάμην
319 1844 408 1928 (mihi
436 1845 470 1905 in
496 1817 588 1906 rebus
617 1843 795 1905 omittendis
823 1842 935 1921 posui).
979 1839 1121 1914 Accedit,
1155 1840 1235 1918 qnod
1257 1831 1368 1925 πράι-

116 1977 183 2019 ιειν
205 1951 239 2018 ἐν
268 1951 378 2041 ἀργοῖς
407 1977 501 2036 prope
530 1956 803 2018 contradictionem
831 1922 921 2034 qnalu
950 1955 1057 2016 dicunt
1085 1954 1119 2014 in
1149 1953 1268 2015 adiecto
1298 1973 1368 2015 con·

117 2065 203 2126 tinet
233 2101 274 2111 -
308 2066 378 2128 Ant.
401 2067 465 2127 622
493 2087 548 2144 pro
580 2067 683 2130 δονεῖν
713 2059 785 2130 ποτ’
815 2057 935 2130 inette
965 2086 1057 2126 sensu
1086 2064 1201 2143 requiri
1230 2064 1369 2125 arbitror

118 2177 222 2242 δονεῖν
243 2170 309 2241 τότ’
340 2171 480 2256 ἐσθλόν,
510 2199 579 2238 nem
610 2178 801 2238 enuntiatum
827 2169 894 2259 ’ὅτῳ
922 2173 1046 2262 φρένας
1074 2168 1155 2248 θείς
1182 2167 1253 2261 ἀγιι
1280 2168 1368 2262 πρὸς

118 2279 199 2352 ἀταν
220 2289 368 2368 temporie
390 2291 577 2352 notationem
603 2290 754 2365 eontinet,
788 2289 827 2350 ad
850 2309 939 2367 quam
960 2289 1097 2368 pertinet
1117 2289 1190 2350 illut
1211 2280 1292 2354 ιὸτε.
1323 2325 1366 2334 -

203 2405 248 2476 Φ,
279 2405 320 2465 Κ.
366 2403 502 2482 Egregie
530 2403 692 2465 Bonitzius
720 2401 795 2463 Ant.
816 2403 883 2463 414
913 2391 1091 2488 ἀφειδὴσοι
1124 2401 1299 2465 emendavit
1332 2403 1366 2464 in

117 2502 293 2599 ἀκηδήσοι;
324 2515 357 2576 in
379 2516 473 2578 schol.
494 2515 545 2578 Ai.
569 2516 633 2578 204
655 2505 830 2601 κηδόμενοι
854 2516 888 2576 in
911 2511 1104 2600 φείδομενοι
1126 2515 1241 2576 abiisse
1262 2521 1366 2577 monet

117 2625 281 2688 Nauekius.
325 2627 377 2692 Et.
406 2626 471 2690 888
506 2630 572 2709 ipse
602 2630 742 2709 cogitavi
770 2630 807 2690 de
837 2625 1032 2714 ἀνηφαίστῳ
1069 2634 1138 2708 (pro
1171 2624 1372 2718 ἀνηκέστῳ),1

117 2739 196 2816 quod
212 2739 274 2799 iam
285 2738 452 2818 Berginium
468 2743 658 2822 suspicatum
676 2763 742 2804 esse
753 2743 850 2805 rideo.
864 2777 904 2789 -·
927 2740 1006 2803 Phil.
1020 2739 1083 2802 190
1093 2732 1266 2807 ἀπόκειται
1277 2741 1364 2802 varie

114 2853 267 2912 tentatum
290 2857 338 2912 est
367 2858 399 2914 et
427 2855 521 2915 habet
550 2855 739 2935 aliquantum
767 2853 891 2916 molesti
913 2873 1010 2932 neque
1033 2873 1052 2912 a
1074 2852 1241 2915 scholiasta
1263 2847 1363 2940 (πρὸς

112 2953 168 3025 τάν
197 2956 342 3049 ἀόσρμάν
380 2961 653 3053 ἀντιφθέγγεται)
682 2968 795 3030 lectum
829 2987 896 3029 csse
924 2966 1055 3030 videtur.
1104 2966 1261 3034 Nanckins
1292 2987 1362 3029 cnm

114 3072 346 3139 Schneidewino
369 3078 555 3159 dePflugkii
576 3080 751 3143 coniectura
772 3079 889 3160 recepit
904 3071 1052 3163 οίμιογάς
1073 3071 1259 3160 occulato,
1282 3101 1362 3159 quae

115 3187 290 3258 coniectura
312 3211 385 3252 eane
408 3192 518 3254 ceteris
546 3197 693 3271 praestat.
736 3175 888 3270 Equidem
918 3191 1021 3252 nescio
1049 3211 1089 3250 an
1111 3191 1276 3270 Sophocles
1305 3212 1361 3254 suo

111 3293 306 3382 speciosoque
335 3324 417 3366 more
443 3303 558 3366 dixerit
584 3298 654 3383 ἀχιά
682 3340 724 3352 -
754 3304 875 3388 πικρᾶς
904 3298 1049 3386 οἰμωγαῖς
1079 3293 1246 3388 ὑποφῆτις
1274 3305 1314 3384 (i.
1337 3326 1360 3366 e.

111 3399 346 3497 ἀποκρίνεται).
366 3451 406 3462 -
430 3416 480 3478 El.
493 3415 558 3478 980
579 3417 682 3480 eodem
704 3417 791 3478 modo
815 3436 873 3494 quo
895 3414 970 3476 Ant.
992 3416 1012 3476 l.
1034 3416 1053 3475 l.
1077 3403 1301 3501 ἀφειδήσαντε
1323 3439 1361 3480 ex

111 3509 314 3608 einpdp'uunrc
329 3532 505 3606 corruptum
513 3527 644 3591 videtur.
656 3562 697 3577 -
721 3527 870 3589 Similiter
888 3527 1068 3590 vocabulum
1077 3515 1202 3611 ἀκηδής
1219 3530 1360 3591 obseura·

110 3637 176 3693 tum
198 3639 247 3697 est
272 3634 382 3699 Τνοοίι.
405 3638 479 3701 911.
524 3641 805 3720 Traneposnerunt‚
828 3640 1007 3703 deleverunt
1028 3641 1108 3700 hnnc
1130 3660 1267 3718 vernum,
1297 3664 1357 3706 om·

109 3743 200 3806 nibus
222 3747 320 3809 modis
342 3753 549 3813 tentaverunt.
582 3752 649 3814 Hoc
671 3756 794 3814 constat
814 3751 963 3833 pluralem
985 3743 1045 3822 ιάς
1060 3746 1178 3825 οὐσίας
1199 3753 1276 3816 ferri
1298 3777 1360 3820 non

108 3875 199 3935 poure
221 3862 253 3919 et
274 3858 410 3940 ineptum
433 3881 500 3924 esee
521 3862 706 3924 attributum
727 3855 885 3936 ἀπαιδας.
931 3863 1043 3943 Sapere
1065 3863 1196 3927 audeat
1225 3867 1359 3930 sonbere

107 3965 164 4033 καὶ
186 3968 244 4056 τῆς
266 3965 409 4052 ἀκιμίοῦς
430 3969 465 4045 ἐς
492 3966 530 4039 ιὸ
559 3967 673 4040 λοιπὸν
703 3971 828 4049 οὐσίας.
873 3977 997 4039 Summa
1023 3981 1135 4039 natura
1165 3977 1359 4060 veritateque

108 4081 341 4145 materfamiliae
363 4085 512 4147 moritura
534 4090 566 4147 et
595 4107 680 4148 suam
702 4092 734 4151 et
755 4088 801 4150 rei
822 4088 986 4151 familiaris
1008 4108 1081 4151 eura
1102 4111 1157 4152 sua
1179 4090 1358 4171 diligentia·

107 4214 165 4274 que
186 4195 340 4258 carituree
369 4201 484 4259 semem
514 4179 750 4262 comminaretur.
793 4203 839 4264 De
866 4203 1039 4282 corruptele
1061 4205 1128 4278 cfr,
1161 4204 1241 4282 quod
1264 4227 1358 4287 supra

106 4306 286 4385 adtulimus,
309 4311 372 4373 παῖ
388 4314 421 4372 et
436 4306 494 4374 καί
511 4316 693 4390 permutata.
715 4315 762 4375 De
773 4301 907 4400 ἀκηδής,
930 4316 1099 4394 neglectus,
1114 4315 1169 4378 cir.
1186 4316 1240 4379 Od.
1252 4315 1283 4397 ζ,
1299 4319 1356 4397 26,

78 4498 85 4505 ,
105 4440 137 4500 ν,
157 4420 237 4500 1303
256 4421 393 4504 fleeych.
415 4418 563 4509 ἀκηδεῖς·
587 4420 844 4512 ἀφροντίστους,
865 4423 1004 4510 ἀμελεῖς.
1018 4463 1060 4475 -—
