2992 4926
717 285 762 347 46

640 386 848 402 ΜΜνννΜνἎ

119 514 191 588 τάδ’
212 511 325 586 ἐλθών
346 509 425 604 μηδ’
446 509 499 583 ἀπ’
522 509 669 585 ἀέλλαισιν
690 513 791 605 τρέπι
818 517 920 594 donet,
951 518 1032 581 uude
1064 521 1165 579 ortum
1192 516 1238 577 sit
1263 507 1369 601 ἦμιῖνε

120 624 181 707 τοῖς
202 632 343 708 παῖδας,
373 623 485 697 ἐλθών
514 621 613 704 αὐτὸς
641 625 792 716 ἐκδελξης
819 625 917 713 ἐμοὶ,
948 631 983 692 in
1010 650 1070 712 qno
1099 630 1193 693 etiam
1221 629 1304 691 ultro
1334 649 1371 689 ex

120 745 335 808 eonsuetudiue
358 743 488 823 quadam
508 743 653 824 loquendi
673 743 819 805 librarius
841 744 956 822 aliquis
977 745 1083 823 lapaus
1105 763 1173 805 eene
1194 746 1306 822 potest.
1327 776 1369 787 -

208 865 262 934 A,
291 861 327 923 Γ.
371 856 406 918 O.
434 858 473 919 R.
503 857 585 918 1361
625 843 779 942 ὁμοηονὴς
809 877 828 918 a
857 855 1011 918 Meinekio
1040 855 1230 917 emendatum
1259 860 1309 918 est
1338 854 1372 916 in

120 960 285 1057 ὁμολεχῆς.
325 969 435 1034 Tincta
448 968 511 1032 717
533 990 590 1049 pro
611 966 716 1050 μέλας
736 969 928 1033 seribendum
943 956 1059 1053 μιγάς,·
1083 989 1154 1030 uam
1175 988 1238 1030 non
1254 965 1369 1050 μέλας,

120 1083 175 1145 aed
197 1075 296 1170 μιηάς
318 1105 356 1146 ex
377 1083 521 1162 analogia
543 1082 688 1147 adientivi
710 1077 821 1155 πλέως
843 1103 911 1144 eum
932 1081 1077 1161 genetivo
1096 1080 1244 1160 eoniuugi
1266 1085 1371 1160 potest
1410 1096 1413 1203 η

121 1200 153 1258 et
180 1197 237 1259 hoe
266 1194 343 1257 dicit
368 1193 530 1270 Deianira,
563 1193 742 1274 sangninem
769 1193 862 1257 Nesei
883 1193 1076 1278 infectum
1097 1192 1194 1255 fnisse
1216 1192 1272 1254 illo
1293 1192 1370 1266 viro,
1411 1220 1414 1297 η

123 1307 203 1387 quod
224 1308 321 1369 telum
342 1311 525 1371 venenatum
546 1306 580 1368 in
601 1306 728 1370 vnlnere
748 1306 917 1386 reliquerit.
959 1306 1026 1369 Iam
1053 1306 1120 1368 loeo
1142 1309 1251 1368 sanate
1272 1307 1371 1364 totum
1413 1356 1415 1359 .

121 1419 254 1483 Nauukii
275 1424 429 1481 tentamen
451 1419 591 1481 omittere
612 1419 693 1482 lieet
716 1452 754 1465 -

209 1537 258 1614 M,
284 1535 327 1595 K.
350 1531 413 1594 Otr.
435 1530 484 1593 Ai.
509 1532 573 1592 794
594 1523 628 1613 μ’
650 1553 689 1595 ex
710 1523 738 1594 κ’
760 1532 894 1609 sautum
916 1551 1007 1610 saepe
1027 1532 1194 1610 praefixum
1216 1525 1252 1594 ἐν
1273 1533 1305 1591 et
1329 1523 1370 1609 ἐμ
1413 1556 1415 1577 2

123 1649 329 1724 permutatum
351 1649 399 1706 est
420 1643 454 1704 in
475 1645 530 1707 La
567 1640 603 1706 0.
625 1642 664 1713 R.
687 1643 730 1706 37
751 1635 809 1731 ὑφ’
831 1635 924 1730 ἡμῶν
945 1644 1055 1706 merito
1077 1647 1252 1722 suspectum
1273 1643 1371 1703 habet

123 1757 360 1833 Herwerdeuue3
382 1777 453 1819 nam
475 1756 503 1818 si
521 1757 662 1818 Thebani
681 1757 875 1834 habuissent,
898 1758 977 1836 quod
1000 1757 1156 1832 docerent,
1178 1755 1241 1837 ipei
1261 1773 1296 1816 eo
1318 1753 1369 1815 usi

124 1876 236 1934 essent.
278 1871 323 1932 Ut
344 1873 393 1931 eet
413 1867 456 1934 ib.
479 1869 542 1932 396
565 1859 638 1934 ἀλλ’
661 1863 725 1953 ἐγώ
748 1860 876 1951 μολών,
906 1859 925 1932 ὁ
947 1865 1050 1954 μηδὲν
1071 1861 1173 1945 εἰδώς
1193 1862 1372 1940 Οἰδίπους,

123 1981 171 2044 ita
192 1981 244 2044 hie
265 1982 328 2044 diui
349 1981 486 2045 uidetur:
520 1977 577 2044 καὶ
605 1971 694 2047 ταῦτ’
717 1970 851 2067 ἔφη’κων
880 1971 975 2047 οὐδέν
1002 1973 1138 2062 ἐξειόώς
1159 1974 1278 2056 πλέον,
1305 1979 1369 2041 nisi

123 2092 287 2175 praeferas,
309 2117 332 2175 μ
352 2093 553 2172 deprevatum
568 2114 605 2156 ex
625 2092 665 2157 λλ
678 2097 774 2169 ratus,
796 2089 853 2156 καὶ
867 2083 956 2158 ταῦτ’
969 2082 1026 2159 ἀπ’
1039 2085 1152 2158 ἀλλων.
1186 2089 1222 2156 0.
1236 2089 1369 2156 01003

123 2205 208 2268 nulle
230 2206 317 2268 modo
340 2193 446 2288 καλόν,
469 2206 524 2268 sed
544 2202 640 2287 μέλον
662 2206 731 2285 (afr.
753 2206 793 2268 ib.
817 2206 895 2285 653)
917 2205 1084 2284 requiritur
1105 2206 1156 2268 vel
1176 2201 1277 2287 μέλει,
1299 2226 1370 2267 narn

125 2317 263 2380 elaunule
293 2319 426 2397 preximi
456 2339 564 2385 uersus
597 2318 705 2395 καλῶς
738 2318 771 2380 in
804 2318 1054 2398 corrumpendum
1085 2317 1163 2380 illud
1192 2319 1372 2382 vocabulum

124 2431 259 2496 valuisse
280 2431 409 2495 videtur.
438 2432 530 2495 Hand
551 2451 637 2494 aeuus
659 2431 698 2494 ib.
711 2429 773 2493 771
790 2427 891 2516 φίλον
902 2431 1025 2496 videtur
1041 2435 1142 2494 ortum
1160 2451 1198 2494 ex
1212 2428 1371 2512 μέλον.-

125 2543 205 2607 Pur
224 2541 289 2606 228
309 2544 384 2607 libri
405 2545 521 2607 habent
542 2534 685 2630 κάφιλον
706 2533 912 2625 καλούμενον,
934 2543 1015 2624 qued
1037 2564 1226 2625 nequequam
1247 2544 1373 2623 probari

125 2661 236 2739 potest
266 2657 308 2720 11.
319 2657 466 2738 Seyfferti
487 2657 661 2720 coniectura
682 2653 740 2722 καὶ
762 2652 871 2742 φίλιον
891 2649 1076 2740 τητώμενοι
1099 2690 1139 2704 --
1161 2677 1233 2719 nam
1255 2662 1372 2721 ceterae

125 2769 232 2833 futiles
254 2774 327 2832 sunt
350 2805 390 2818 ··-
413 2771 586 2834 uertentiae
597 2768 717 2848 quidem
728 2767 953 2832 aeeommodata
964 2773 1027 2845 ert,
1049 2769 1184 2832 aliterir
1198 2772 1372 2852 verolonge

126 2881 222 2943 abeat
249 2880 373 2944 Similes
394 2881 578 2945 loeiTraein
594 2881 658 2942 299
681 2873 892 2964 δοσπόιμους
913 2875 970 2946 ἐπὶ
993 2876 1086 2966 ξένης
1108 2867 1220 2967 χώρας
1240 2877 1373 2954 ἀοίνους

126 2980 301 3079 ἀπάιοράς
321 2983 349 3058 τ’
372 2985 559 3075 ἀλωμένας,
583 2993 619 3056 0.
640 2994 679 3056 R.
703 2993 789 3056 1506
811 2982 963 3073 πτωχάς,
985 2980 1181 3081 ἀνάνδρονς,
1204 2986 1372 3081 [decernis]

126 3097 314 3188 ἀλωμένας,
337 3106 371 3168 0.
386 3106 419 3168 0.
441 3106 504 3168 349
527 3097 642 3179 ἀσιιος
663 3102 824 3192 νηλῖπους
843 3096 871 3169 τ’
894 3096 1056 3191 ἀλωμένη,
1077 3105 1144 3167 454
1166 3098 1273 3193 φιηάς
1294 3125 1374 3192 σφιν

126 3212 190 3300 ἔξω
205 3210 339 3300 πτωχὸς
355 3207 490 3305 ἠλώμην
509 3208 585 3302 ἐγώ,
608 3219 692 3280 1363
704 3212 741 3281 ἐκ
760 3213 860 3284 σέθεν
876 3209 1049 3299 ἀλώμενος
1068 3218 1123 3280 efr.
1143 3218 1184 3281 ih.
1202 3219 1287 3288 1685
1299 3239 1374 3299 sqq,

126 3330 161 3392 hi
181 3331 242 3394 lori
263 3331 385 3406 docent,
408 3330 501 3393 etiam
521 3330 556 3392 in
570 3317 772 3411 καλούμενον
792 3330 891 3392 latere
909 3318 1081 3411 ἀλώμενον.
1104 3331 1173 3394 Non
1185 3331 1263 3392 mihi
1273 3332 1374 3412 planet

127 3429 311 3517 κάλώμενον
332 3443 352 3505 i.
375 3465 399 3506 e.
422 3440 479 3506 καῖ
501 3433 688 3521 ἀλώμενον,
712 3441 790 3520 qnod
812 3442 933 3521 quidem
954 3441 1090 3522 proxime
1112 3445 1201 3506 abest
1222 3465 1242 3506 a
1262 3443 1373 3518 literis,

126 3553 183 3617 sed
201 3555 341 3635 praefero
362 3546 396 3636 μ’
420 3543 587 3633 ἀλώμενον
607 3553 785 3632 pronomine
807 3574 850 3634 με
870 3555 1003 3634 repetite
1026 3559 1097 3617 ante
1120 3543 1307 3641 φωνησαιε.
1331 3589 1372 3602 -

127 3665 178 3731 Αἰ.
204 3665 543 3730 806mnleetiarimum
564 3668 613 3726 est
634 3657 734 3752 κακὴν
754 3686 812 3728 nec
833 3666 934 3746 tnagis
955 3669 1103 3745 probatur
1124 3659 1236 3748 ἔξοδον
1258 3665 1373 3751 ζητεῖν.

128 3779 229 3854 Quare
250 3779 464 3859 eorrigendnm
483 3776 606 3840 videtur
625 3776 735 3858 λαβεῖν
757 3778 811 3840 efr.
824 3777 1101 3865 0.8266ζηοών
1121 3771 1178 3844 τόν
1201 3765 1376 3868 αὐτόχειρα

127 3889 184 3958 τοῦ
205 3881 310 3978 φόνου
329 3892 449 3973 λαβεῖν.
472 3925 516 3938 -

154 4093 156 4097 y
215 4010 272 4086 M,
293 4006 340 4067 Π.
364 4003 549 4084 Saepissime
563 4007 776 4084 permutantur
784 4009 909 4071 παθεῖν
919 4011 954 4069 et
963 4008 1088 4087 μαθεῖν
1099 4006 1198 4085 (velut
1208 4006 1243 4068 0.
1256 4004 1290 4069 0.
1305 4006 1376 4080 299,

128 4117 296 4193 EL1029,
318 4117 512 4201 Ρ511999);
534 4118 589 4180 efr.
612 4118 647 4179 0.
670 4115 703 4180 0.
726 4117 812 4179 1234
833 4110 1069 4199 καιάπιμπιον
1090 4137 1119 4198 p.
1141 4107 1377 4204 κατάμεμπιον

129 4230 218 4310 (item
246 4229 361 4308 1695),
390 4229 425 4292 0.
447 4231 486 4292 R.
517 4229 581 4292 337
612 4223 756 4315 ἐπέμψω
785 4249 814 4310 p.
834 4223 989 4317 έμέμψω,
1016 4228 1090 4294 Ant
1112 4230 1176 4293 863
1206 4228 1376 4316 πατρώιαι

128 4363 158 4423 p.
190 4341 362 4429 ματρῷαι,
402 4343 465 4404 980
498 4333 626 4430 πατράς
657 4361 686 4422 p.
715 4333 848 4430 ματρός.
891 4341 944 4404 Αἰ.
975 4339 1041 4404 890
1074 4363 1165 4423 quum
1197 4341 1253 4404 vix
1284 4343 1378 4406 lineat

129 4445 289 4541 ἀμινηνέν
309 4453 507 4537 interpretari
530 4455 704 4536 „fngaeem
726 4456 869 4536 vagnm“‚
891 4453 972 4534 quud
992 4455 1106 4518 habeat
1115 4459 1228 4536 aptum
1247 4475 1377 4532 sensum,
