2956 4934
634 417 660 430 n»
665 417 837 431 ΑᾺΛΛΛΛΛΛΛΜΛ

115 547 195 606 1718
219 539 401 627 ἐπαμμένει
424 545 457 608 in
479 541 644 629 ἐπιμένει,
667 546 846 610 Phi1.1094
867 545 911 613 ἔτ’
933 545 971 614 οὐ
991 542 1052 636 γᾶρ
1075 548 1159 631 ίσχον
1181 553 1216 614 in
1236 549 1275 618 ου’
1294 548 1356 638 γᾶρ

113 653 155 724 ἔτ’
177 645 302 738 ι’σχᾶιο,
324 658 395 719 alia.

194 769 263 831 Hac
291 789 383 831 eausa
407 766 444 833 0.
466 768 504 832 R.
526 789 553 832 σ.
578 769 641 832 724
661 776 823 851 corruptus
846 777 901 836 est.
945 774 1024 836 Nem
1050 776 1144 837 verba
1166 764 1212 839 ὦν
1233 769 1294 862 γᾶρ
1317 765 1357 839 ἄν

111 874 195 956 θεὸς
216 877 330 970 χρείαν
352 877 466 964 ἐρευνᾷ
489 881 551 943 iam
572 882 728 945 Brnnolrio
750 883 816 945 iure
838 889 982 964 suspecta
1006 886 1144 960 fuerunt,
1177 886 1265 948 deum
1292 906 1358 965 per·

110 1014 213 1074 peram
241 992 304 1054 dici
332 989 463 1080 ἐρευνᾶν
497 995 579 1057 vidit
606 995 835 1058 Herwerdenus.
885 996 1105 1076 corrigendum
1131 987 1177 1060 ὦν
1204 989 1265 1084 γᾶρ
1293 997 1358 1082 γνῷ

112 1098 190 1178 θεὸς
212 1101 324 1192 χρείαν
347 1099 478 1190 ἐρευνᾶν
500 1106 522 1168 i.
545 1129 570 1169 e.
593 1127 720 1186 quarum
748 1128 849 1170 rerum
876 1109 1161 1189 investigandarum
1188 1109 1358 1172 utilitatem

114 1217 187 1280 deus
209 1216 339 1280 noverit.
363 1253 404 1263 -

199 1326 237 1392 0.
262 1326 384 1392 0.134
413 1327 484 1409 οὐχὶ
516 1327 668 1411 σίβονθ,
698 1333 778 1412 quod
808 1333 1000 1396 scribendum
1021 1334 1155 1396 arbitror
1181 1353 1237 1413 pro
1266 1328 1358 1398 οὐδὲν

113 1432 230 1520 ἄξονθ’
255 1441 338 1522 (nem
365 1443 472 1522 procul
500 1443 592 1506 dubio
619 1449 750 1506 metrum
779 1468 808 1509 v.
832 1450 894 1507 ant.
919 1448 980 1507 166
1011 1434 1104 1532 λόγον
1133 1443 1165 1508 εί
1185 1442 1245 1510 τιν’
1275 1439 1359 1524 ἄχεις

113 1553 283 1616 rectissime
305 1574 338 1616 se
366 1555 488 1632 habet),
522 1556 620 1634 primo
648 1558 681 1618 in
709 1554 801 1622 οὐδὲν
822 1558 1029 1636 (ignoratione
1051 1558 1164 1620 obiecti
1186 1560 1239 1621 cfr.
1262 1559 1355 1622 schol.

72 1672 74 1677 '
113 1656 313 1750 ὑπερβατὸν·
337 1659 411 1730 τινᾶ
434 1663 469 1729 δὲ
494 1659 533 1730 roi
557 1668 624 1746 νῦν)
647 1666 828 1749 σεβίζονθ,
851 1670 963 1730 hocin
986 1665 1078 1734 οὐδὲν
1101 1661 1216 1748 ἄξονθ’
1239 1672 1306 1748 (cfr.
1329 1693 1358 1731 v.

113 1776 273 1838 lectionem
306 1778 400 1840 schol.
429 1775 521 1843 οὐδὲν
551 1767 718 1858 λιᾶζσντα)
753 1780 952 1859 depravatum
979 1779 1117 1852 videtur,
1154 1780 1215 1840 nisi
1251 1781 1359 1843 literae

114 1885 206 1952 οὐ-
226 1889 283 1950 hoc
303 1889 383 1950 enim
399 1911 489 1970 saepe
506 1892 651 1953 scribitur
668 1912 723 1971 pro
734 1888 806 1971 οὐχί
821 1927 858 1936 -
873 1887 1042 1970 σεβίζονθ’
1054 1892 1134 1953 falso
1153 1892 1271 1954 divisae
1287 1897 1360 1953 sunt

115 1997 213 2082 οὐσεβ
244 1997 362 2083 (eddon)
393 2037 434 2048 -
464 1999 593 2082 ἄξονθ’,
626 1995 751 2082 ἄξονθ’.
797 2003 859 2066 cfr.
888 2003 923 2065 0.
944 2003 981 2064 R.
1005 2003 1068 2064 886
1100 1995 1267 2084 δαιμόνιον
1296 2000 1358 2088 ἄδι]

117 2106 222 2190 σέβων
245 2117 277 2173 et
298 2112 338 2174 ib.
352 2113 415 2174 898
437 2109 546 2178 οὐκέτι
568 2106 622 2180 τόν
645 2106 783 2181 ἄθικτον
798 2106 867 2197 εἶμι
885 2109 1011 2202 γᾶς-ἐπ’
1026 2105 1176 2200 lippoldo
1194 2111 1357 2195 σέβων.-

251 2305 289 2376 b.
320 2305 423 2377 Vitia
444 2327 514 2395 per
536 2307 657 2394 ipsius
681 2309 890 2380 sententiae
912 2308 991 2380 vim
1013 2309 1219 2380 commissa.

197 2450 238 2511 In
261 2450 317 2512 hoc
340 2471 448 2530 genere
471 2451 565 2513 etiam
595 2451 628 2512 id
657 2451 824 2514 ducendum
853 2457 917 2528 est,
948 2473 1016 2515 cum
1045 2452 1182 2528 librarii,
1216 2453 1360 2533 inprimis

116 2562 344 2644 superioris
377 2563 506 2639 aetatis,
539 2564 639 2643 ipsius
669 2565 839 2626 sententiae
861 2565 894 2626 vi
916 2569 948 2627 et
968 2565 1163 2646 perceptione
1190 2565 1361 2628 inconsulte

116 2677 349 2750 adducerentur,
383 2680 419 2736 ut
440 2678 534 2738 verba
563 2682 671 2756 poetae
693 2679 772 2740 falso
794 2678 932 2757 legerent
952 2678 1003 2740 vel
1024 2677 1136 2740 leviter
1156 2676 1360 2738 immutarent.

200 2788 253 2850 Sic
278 2783 314 2850 Ο.
339 2784 373 2850 0.
395 2787 459 2848 522
490 2781 578 2851 ἄκων
609 2790 779 2851 sententiae
807 2790 895 2852 unice
924 2789 1068 2851 convenit
1096 2789 1165 2868 (cfr.
1189 2790 1265 2865 538,
1288 2790 1360 2865 964,

116 2901 207 2980 987),
246 2904 343 2962 metro
371 2905 530 2980 repugnat.
574 2901 653 2963 Nam
682 2901 763 2980 quod
789 2901 966 2964 Dindorfius
996 2922 1063 2963 cum
1091 2902 1204 2964 Bothio
1232 2901 1363 2981 corrigit

115 3000 196 3077 ἓκαίν
219 3015 252 3073 et
273 3011 422 3092 Oedipum
444 3013 559 3075 sentire
581 3010 639 3093 οὐχ
659 3005 742 3077 ἑκών
764 3005 845 3076 ἑκών
868 3017 979 3090 censet,
1002 3013 1034 3074 id
1055 3014 1207 3075 refutatur
1228 3015 1361 3076 obtesta-

115 3126 199 3189 tione
220 3125 405 3205 interposita
427 3117 509 3198 θεὸς
531 3123 625 3189 ίστω.
669 3125 845 3205 Legendum
877 3130 926 3186 est
955 3116 1083 3211 ἤνεγκον
1106 3117 1243 3210 ἄνᾶγκρ,
1280 3116 1363 3201 θεὸς
1440 3179 1443 3184 ,

116 3234 197 3302 ioue
221 3237 290 3316 (cfr.
311 3238 392 3299 Phil.
416 3237 479 3298 538
508 3230 570 3323 s'yci
603 3235 632 3301 δ’
662 3227 782 3323 ἄνᾶγκρ
812 3229 1011 3325 προᾶμαθον
1042 3233 1185 3321 στέργειν
1214 3223 1297 3300 κακοί
1331 3241 1363 3300 et

116 3349 353 3429 proverbialiter
375 3350 490 3412 dictum
509 3349 583 3411 Ant.
608 3351 691 3412 1106
716 3342 836 3434 ἄνᾶγκρ
859 3346 888 3414 δ’
912 3345 985 3427 οὐχί
1009 3344 1257 3434 δοσμαχρτὲον).

201 3461 282 3524 Phil.
305 3460 391 3524 1207
413 3462 542 3524 absurde
570 3463 685 3524 dicitur
711 3457 800 3550 κρᾶτ’
823 3451 891 3545 ἀπὸ
913 3448 1022 3525 πᾶντα
1045 3457 1101 3524 καί
1132 3450 1247 3548 ἄρθρα
1273 3455 1362 3541 τέμοι

117 3571 203 3664 χερί,
230 3579 267 3635 nt
289 3574 344 3636 clii
365 3575 469 3637 verbis
491 3555 813 3653 transponendis'looc
835 3573 981 3636 medelam
1003 3573 1122 3635 adferre
1143 3556 1243 3636 velint
1273 3569 1362 3660 κρᾶτ’

117 3678 186 3752 cino*
209 3676 318 3751 πάντα
340 3707 375 3750 τε
397 3677 530 3775 τᾶρθρα
553 3686 727 3766 (Wunder.)
748 3686 799 3750 vel
820 3684 924 3775 erpoino
946 3683 1002 3748 καί
1031 3678 1130 3772 ἄρθρ’
1153 3677 1221 3749 dni
1254 3672 1363 3748 πάντα

118 3798 271 3882 (Bergk),
304 3798 360 3860 alii
382 3800 528 3861 mutando
548 3820 623 3862 voce
644 3800 746 3888 κρᾶτα
770 3801 803 3861 in
825 3798 935 3888 χρῶτα
958 3800 1135 3878 (Hermann.
1158 3802 1190 3860 et
1212 3797 1291 3859 hunc
1319 3818 1363 3859 se
1456 3781 1457 3785 ¹

118 3917 206 3974 cutus
228 3911 269 3974 M.
292 3912 461 3995 Seyffert),
494 3933 570 3992 qnae
599 3933 701 3974 omnes
731 3912 923 3974 coniecturae
945 3931 1066 3972 sensum
1089 3909 1236 3988 quendam
1268 3910 1363 3971 mirae

119 4029 149 4086 et
169 4025 319 4088 ridiculae
340 4026 546 4089 mutilationis
568 4015 691 4104 (πάντα
714 4018 843 4112 ἄρθρα,
866 4017 974 4088 πάντα
994 4023 1119 4107 χρῶτα)
1142 4028 1271 4085 movent.
1308 4025 1363 4085 Le·

120 4138 251 4216 gendum
278 4134 369 4224 κρᾶτ’
395 4130 464 4204 ἀπὸ
492 4137 573 4222 τᾷδε
601 4135 656 4200 καὶ
687 4129 800 4225 ἄρθρα
829 4133 918 4218 τέμοι
948 4132 1019 4221 χερί
1048 4135 1156 4213 (verba
1183 4133 1264 4218 τᾷδε
1291 4131 1363 4219 χερί

121 4250 434 4314 accomodatissimma
456 4256 529 4312 sunt
550 4251 666 4313 homini
688 4250 736 4312 ira
758 4238 1012 4327 excandescenti).
1034 4283 1074 4293 -

204 4362 258 4427 El.
269 4362 332 4425 192
355 4365 460 4436 κεναῖς
481 4359 662 4451 τραπέζαις
682 4383 790 4426 sanum
807 4383 869 4426 non
884 4382 951 4424 esse
965 4359 1123 4422 Neuokius
1137 4357 1248 4422 docuit.
1283 4357 1363 4418 Sori-

123 4478 251 4540 bendum
268 4477 391 4543 videtur
412 4474 524 4560 νῆστις
548 4471 578 4541 d‘
600 4471 817 4562 ἀμφίσταμαι
840 4469 1031 4560 τραπέζαις.
1055 4507 1097 4519 -
