2956 4934
721 293 763 358 36

118 529 238 596 solebat
258 530 292 594 in
313 535 458 612 promptu
479 551 554 594 esse.
590 526 625 593 O.
649 528 687 592 R.
712 529 796 592 1377
820 530 941 610 quidem
961 550 1017 610 pro
1038 526 1121 595 nori
1150 530 1363 611 corrigendum

117 649 166 708 eat
187 637 255 720 iu,
276 642 328 711 El.
351 643 416 707 940
437 630 558 719 πάλιν,
582 642 667 706 1207
690 630 796 709 τόδε.
819 679 858 690 -

204 774 355 836 Similiter
379 771 415 837 0.
440 772 472 837 0.
496 771 559 835 113
581 759 673 838 πόδα
703 776 878 851 corruptum
908 775 956 834 eat
982 790 1020 833 ex
1047 762 1116 836 τόδ’
1143 760 1197 857 ip
1224 765 1363 860 (κρύψον

117 879 187 952 κατ’
210 878 335 968 ἄλσος).
359 923 401 932 -

202 999 247 1063 lb.
269 999 333 1061 367
362 992 431 1084 ἔρις
460 998 630 1060 metiaaime
663 1018 696 1059 se
726 997 834 1073 habet3
877 997 1069 1058 aemulantur
1101 997 1182 1058 enim
1214 998 1296 1060 inter
1331 1018 1363 1058 se

117 1111 230 1175 fratrea
242 1111 438 1186 coneedendo,
451 1107 665 1186 contendendo,
677 1108 804 1171 Creonti
815 1128 941 1188 regnum
953 1128 1019 1171 esse
1032 1109 1281 1171 committendum
1294 1111 1362 1190 (cfr.

114 1215 197 1310 λόγῳ
221 1222 379 1289 σκοποῦσι
403 1223 494 1300 369),
525 1222 559 1282 in
586 1222 664 1283 hano
687 1225 788 1282 autem
810 1220 994 1282 sententiam
1022 1220 1111 1282 uniee
1133 1223 1280 1285 convenit
1309 1245 1362 1287 σοι

115 1356 171 1416 pro
203 1358 239 1400 σε
268 1330 424 1419 (Κρέοντί
451 1333 528 1417 τοι).
572 1334 642 1395 Νοιι
675 1333 766 1395 aliter
793 1331 871 1394 Pbil.
895 1330 980 1393 1212
1012 1322 1038 1417 y'
1067 1325 1116 1397 ἔτι
1151 1333 1362 1414 corrigendum

115 1447 239 1510 videtur
260 1441 294 1530 γε’
317 1466 368 1510 τοι
390 1448 495 1524 (antea
516 1434 561 1508 ἔτ’
582 1464 638 1524 pro
659 1434 726 1518 ἔστ’
748 1448 831 1505 reete
853 1444 893 1505 Μ.
917 1443 1087 1522 Seyffertu·
1110 1445 1253 1524 scripsit,
1276 1446 1361 1506 euius

117 1559 215 1621 altera
238 1557 412 1620 coniectura
439 1552 472 1642 γε’
495 1578 561 1620 που
591 1555 625 1617 in
646 1559 836 1635 praesentem
857 1555 1048 1617 Philoetetae
1077 1556 1231 1618 adtentum
1261 1557 1361 1617 minus

115 1671 273 1746 convenit,
303 1671 353 1733 oui
374 1691 454 1732 nuno
483 1689 564 1732 mors
585 1669 685 1750 patris
708 1644 869 1747 explorata
891 1667 962 1752 eat).
1006 1669 1069 1732 cfr.
1090 1669 1131 1730 ib.
1154 1669 1212 1745 81,
1239 1669 1294 1730 ubi
1316 1670 1361 1731 La

115 1807 167 1862 τι,
188 1803 285 1864 panea
307 1783 488 1862 apographa
509 1804 558 1847 τοι
583 1782 705 1844 habent.
728 1817 768 1827 -

204 1908 240 1977 0.
262 1910 301 1974 R.
325 1910 411 1974 1383
432 1910 606 1977 verberari
628 1906 742 1976 Λαΐου
768 1909 872 1972 mutili
894 1930 1001 1973 versus
1029 1909 1281 1989 complementum
1310 1910 1360 1970 ha·

114 2023 214 2085 banda
235 2027 317 2085 aunt.
348 2022 571 2085 Herwerdenus
592 2021 724 2084 eonieoit
745 2011 920 2109 ἀλάστορα,
941 2025 1098 2103 praestare
1120 2019 1243 2084 videtur
1258 2011 1361 2102 μιάσ-

114 2156 199 2223 τορα
221 2135 292 2219 (οῆ.
314 2136 388 2197 Ειιι.
410 2133 556 2197 Androm.
579 2134 665 2212 615).
689 2169 729 2179 -

200 2261 251 2326 El.
273 2260 338 2326 889
359 2251 519 2345 μαθοῦσά
541 2284 614 2342 μου.
658 2263 788 2343 Propria
809 2263 872 2337 vis,
902 2283 991 2343 quam
1013 2263 1063 2326 bio
1084 2263 1178 2324 habet
1199 2262 1361 2344 potiorine

117 2372 268 2461 (εἰδυῖα),
290 2380 473 2456 aspernatur
494 2375 632 2438 additum
653 2397 720 2457 μου
741 2376 761 2438 i.
784 2396 808 2437 e.
829 2398 894 2458 μου
914 2375 1092 2437 mutandum
1112 2374 1146 2438 in
1167 2395 1220 2455 με.
1244 2410 1286 2420 -—

206 2487 316 2553 Tracb.
339 2488 402 2554 433
423 2509 479 2570 pro
502 2485 617 2574 φανείς
639 2492 800 2568 exspectas
821 2476 922 2570 μόνος
943 2488 997 2550 afr.
1020 2489 1082 2550 353
1106 2509 1171 2568 sqq.
1188 2521 1229 2534 ·-

201 2599 282 2665 Pbil.
304 2600 346 2663 25
375 2601 524 2664 librorum
551 2600 704 2681 scriptura
733 2597 784 2686 εἴη
806 2600 900 2682 vulgo
929 2622 967 2663 ex
988 2600 1157 2664 camerarii
1185 2601 1363 2664 oomeotura

114 2712 283 2794 corrigitur
302 2713 336 2774 in
357 2711 402 2799 ἰ’ῃ.
446 2716 491 2777 Et
518 2714 721 2794 probabilius,
755 2719 791 2775 ut
818 2735 856 2776 ex
882 2719 970 2794 parte
998 2713 1144 2777 omissum
1172 2719 1246 2794 post
1274 2736 1367 2801 σοιν,-

115 2829 147 2886 et
168 2824 274 2904 aptius
296 2829 345 2887 est
367 2825 463 2915 φανῇ.
486 2861 528 2872 -

199 2947 244 3016 16.
266 2951 332 3021 650
353 2941 443 3026 πάνυ
463 2959 639 3034 corruptum
660 2953 783 3018 videtur
805 2974 843 3016 ex
864 2940 964 3019 πόδα.
1008 2953 1087 3016 Nam
1117 2941 1205 3020 ποῖνυ
1230 2958 1268 3014 ut
1297 2955 1362 3017 lan·

113 3064 238 3146 gnidum
270 3065 467 3147 impugnavit
495 3066 648 3148 Bergkiua
680 3067 714 3129 in
743 3065 823 3129 Ann.
845 3065 919 3128 Ant.
947 3066 1031 3129 Diae.
1061 3066 1145 3129 1835
1177 3087 1205 3146 p.
1228 3068 1308 3146 962,
1342 3090 1362 3130 a

113 3177 251 3242 diverbio
271 3178 431 3261 Sophoelia
453 3179 610 3242 abiudieat
631 3177 801 3241 Meinekius
822 3177 915 3242 Auel
938 3178 1030 3258 Soph.
1052 3199 1081 3258 p.
1104 3179 1176 3241 317.
1188 3215 1229 3226 -

197 3291 236 3353 Ια
250 3292 345 3373 frpm.
368 3289 449 3371 678,
473 3289 515 3353 12
544 3295 577 3353 et
605 3291 765 3354 molestum
793 3294 840 3353 est
862 3279 928 3356 ὅσοι
952 3295 985 3353 et
1006 3289 1045 3352 ad
1073 3289 1184 3372 νωμᾶν
1207 3292 1361 3356 obiectum

114 3399 311 3466 desideratur.
354 3396 530 3483 Legendum
551 3402 650 3483 igitur
672 3397 706 3465 ἐν
728 3403 820 3474 θεοῖς
843 3394 967 3488 κράτος.
990 3437 1031 3448 -

199 3528 239 3590 In
259 3529 351 3593 initio
373 3535 534 3610 corruptus
556 3530 680 3595 videtur
701 3527 751 3593 Aa
773 3549 800 3593 ο.
821 3526 886 3592 678
908 3528 976 3613 (afr.
998 3530 1041 3593 M.
1064 3529 1211 3617 Seyfferti
1232 3532 1359 3597 adnota-

112 3639 254 3720 tionem);
293 3640 485 3704 scribendum
513 3645 588 3722 puto
620 3636 701 3726 λέγω
732 3643 808 3721 (pro
836 3632 920 3726 ἐγώ)
950 3631 979 3707 δ’
1010 3677 1052 3689 -
1083 3637 1268 3727 ἐπίσταμαι
1298 3637 1361 3734 γὰρ

113 3743 239 3840 ἀρτίως
259 3787 312 3830 -,
334 3743 386 3818 ὅτι
408 3749 471 3818 xci.
493 3789 535 3799 -

198 3865 300 3927 Unam
320 3864 442 3928 literam
466 3885 584 3946 quoque
604 3863 639 3927 in
659 3863 750 3928 initio
776 3864 937 3930 lieviso.
957 3867 999 3929 55
1015 3867 1159 3931 amissam
1178 3888 1247 3931 esse
1269 3874 1358 3950 puto:

111 3969 249 4066 τάνδρὸς
270 3968 354 4042 κασᾶ
376 3968 511 4064 ζήτησιν
532 3980 602 4057 (pro
624 3966 744 4062 ἀνδρὸς
765 3999 795 4039 κ.
818 3973 873 4056 ζ.).
896 4013 939 4026 -

306 4197 374 4268 XI.
408 4195 705 4268 Terminutiones
726 4195 929 4268 verborum
951 4200 1162 4286 eorruptae.

195 4338 395 4420 Negligeutiu
417 4343 449 4402 et
470 4338 648 4421 ignorantia
664 4340 794 4403 maxime
810 4339 844 4402 in
860 4340 1128 4405 terminationibus
1139 4343 1357 4408 vocabulorum

110 4469 130 4511 a
150 4449 288 4514 librariis
308 4455 467 4533 peceatum
488 4456 538 4517 est
557 4453 613 4516 eir.
635 4452 670 4516 0.
692 4451 734 4527 6.,
746 4451 790 4514 40
812 4439 951 4528 §ababuc
971 4473 1001 4533 p.
1016 4439 1156 4535 Σκότοο,
1177 4451 1241 4516 233
1263 4449 1356 4545 ἔργον
