<?xml version="1.0" encoding="UTF-8"?>
<!DOCTYPE html PUBLIC "-//W3C//DTD XHTML 1.0 Transitional//EN"
    "http://www.w3.org/TR/xhtml1/DTD/xhtml1-transitional.dtd">
<html xmlns="http://www.w3.org/1999/xhtml" xml:lang="en" lang="en">
 <head>
  <title>
</title>
<meta http-equiv="Content-Type" content="text/html;charset=utf-8" />
  <meta name='ocr-system' content='tesseract 3.04.00' />
  <meta name='ocr-capabilities' content='ocr_page ocr_carea ocr_par ocr_line ocrx_word'/>
</head>
<body>
  <div class='ocr_page' id='page_1' title='image "arssophocliseme00weckgoog_0089.png"; bbox 0 0 2956 4934; ppageno 0'>
   <div class='ocr_carea' id='block_1_1' title="bbox 81 4558 149 4644">
    <p class='ocr_par' dir='ltr' id='par_1_1' title="bbox 81 4558 149 4644">
     <span class='ocr_line' id='line_1_1' title="bbox 81 4558 149 4644; baseline 0 0"><span class='ocrx_word' id='word_1_1' title='bbox 81 4558 149 4644; x_wconf 66' lang='grc' dir='ltr'>ἱ</span> 
     </span>
    </p>
   </div>
   <div class='ocr_carea' id='block_1_2' title="bbox 778 302 819 363">
    <p class='ocr_par' dir='ltr' id='par_1_2' title="bbox 778 302 819 363">
     <span class='ocr_line' id='line_1_2' title="bbox 778 302 819 363; baseline 0 0"><span class='ocrx_word' id='word_1_2' title='bbox 778 302 819 363; x_wconf 99' lang='grc'><strong>70</strong></span> 
     </span>
    </p>
   </div>
   <div class='ocr_carea' id='block_1_3' title="bbox 701 403 898 419">
    <p class='ocr_par' dir='ltr' id='par_1_3' title="bbox 701 403 898 419">
     <span class='ocr_line' id='line_1_3' title="bbox 701 403 898 419; baseline -0.005 -1"><span class='ocrx_word' id='word_1_3' title='bbox 701 403 898 419; x_wconf 55' lang='lat' dir='ltr'><strong>*flumem</strong></span> 
     </span>
    </p>
   </div>
   <div class='ocr_carea' id='block_1_4' title="bbox 170 526 1424 1402">
    <p class='ocr_par' dir='ltr' id='par_1_4' title="bbox 170 526 1424 1402">
     <span class='ocr_line' id='line_1_4' title="bbox 173 526 1419 617; baseline -0.002 -18"><span class='ocrx_word' id='word_1_4' title='bbox 173 527 259 601; x_wconf 87' lang='grc' dir='ltr'><strong><em>ῶστε</em></strong></span> <span class='ocrx_word' id='word_1_5' title='bbox 280 540 406 617; x_wconf 87' lang='lat' dir='ltr'><strong>propter</strong></span> <span class='ocrx_word' id='word_1_6' title='bbox 435 528 547 612; x_wconf 82' lang='grc' dir='ltr'><strong><em>ὅστις,</em></strong></span> <span class='ocrx_word' id='word_1_7' title='bbox 579 536 663 597; x_wconf 80' lang='grc'><strong>1230</strong></span> <span class='ocrx_word' id='word_1_8' title='bbox 685 534 734 617; x_wconf 78' lang='lat' dir='ltr'><strong>aqi</strong></span> <span class='ocrx_word' id='word_1_9' title='bbox 755 531 815 617; x_wconf 82' lang='grc' dir='ltr'><strong>μὲν</strong></span> <span class='ocrx_word' id='word_1_10' title='bbox 837 534 983 600; x_wconf 77' lang='grc' dir='ltr'><strong><em>νοσοῦντι</em></strong></span> <span class='ocrx_word' id='word_1_11' title='bbox 1006 557 1034 617; x_wconf 90' lang='lat' dir='ltr'><strong>p.</strong></span> <span class='ocrx_word' id='word_1_12' title='bbox 1056 526 1094 599; x_wconf 87' lang='grc' dir='ltr'><strong><em>τό</em></strong></span> <span class='ocrx_word' id='word_1_13' title='bbox 1115 529 1173 615; x_wconf 77' lang='grc' dir='ltr'><strong>μὲν</strong></span> <span class='ocrx_word' id='word_1_14' title='bbox 1196 533 1353 599; x_wconf 75' lang='grc' dir='ltr'><strong><em>νοσοῦντι.</em></strong></span> <span class='ocrx_word' id='word_1_15' title='bbox 1377 569 1419 580; x_wconf 89' lang='lat'><strong>-··</strong></span> 
     </span>
     <span class='ocr_line' id='line_1_5' title="bbox 174 638 1422 734; baseline 0.001 -24"><span class='ocrx_word' id='word_1_16' title='bbox 174 646 253 711; x_wconf 74' lang='grc'><strong>0.(1.</strong></span> <span class='ocrx_word' id='word_1_17' title='bbox 276 648 317 709; x_wconf 82' lang='lat'><strong>25</strong></span> <span class='ocrx_word' id='word_1_18' title='bbox 340 639 438 713; x_wconf 89' lang='grc' dir='ltr'><strong><em>τοῦτό</em></strong></span> <span class='ocrx_word' id='word_1_19' title='bbox 459 640 485 734; x_wconf 72' lang='grc' dir='ltr'><strong>μ’</strong></span> <span class='ocrx_word' id='word_1_20' title='bbox 508 648 541 709; x_wconf 90' lang='lat' dir='ltr'><strong>in</strong></span> <span class='ocrx_word' id='word_1_21' title='bbox 563 646 676 713; x_wconf 89' lang='grc' dir='ltr'><strong><em>τοῦτον</em></strong></span> <span class='ocrx_word' id='word_1_22' title='bbox 697 651 872 724; x_wconf 86' lang='lat' dir='ltr'><strong>correctum,</strong></span> <span class='ocrx_word' id='word_1_23' title='bbox 896 648 936 710; x_wconf 90' lang='grc'><strong>61</strong></span> <span class='ocrx_word' id='word_1_24' title='bbox 960 639 1189 729; x_wconf 73' lang='grc' dir='ltr'><strong><em>ὠνομασμένοι</em></strong></span> <span class='ocrx_word' id='word_1_25' title='bbox 1211 646 1245 708; x_wconf 91' lang='lat' dir='ltr'><strong>in</strong></span> <span class='ocrx_word' id='word_1_26' title='bbox 1267 638 1422 728; x_wconf 86' lang='grc' dir='ltr'><strong><em>ῶνομασ-</em></strong></span> 
     </span>
     <span class='ocr_line' id='line_1_6' title="bbox 173 749 1423 846; baseline -0.002 -24"><span class='ocrx_word' id='word_1_27' title='bbox 173 756 285 840; x_wconf 82' lang='grc' dir='ltr'><strong><em>μένον,</em></strong></span> <span class='ocrx_word' id='word_1_28' title='bbox 320 760 381 821; x_wconf 90' lang='grc'><strong>786</strong></span> <span class='ocrx_word' id='word_1_29' title='bbox 404 751 495 846; x_wconf 76' lang='grc' dir='ltr'><strong><em>τῆσδ’</em></strong></span> <span class='ocrx_word' id='word_1_30' title='bbox 517 759 551 821; x_wconf 92' lang='lat' dir='ltr'><strong>in</strong></span> <span class='ocrx_word' id='word_1_31' title='bbox 572 749 687 834; x_wconf 83' lang='grc' dir='ltr'><strong><em>τῶνδ’,</em></strong></span> <span class='ocrx_word' id='word_1_32' title='bbox 727 761 811 821; x_wconf 92' lang='grc'><strong>1100</strong></span> <span class='ocrx_word' id='word_1_33' title='bbox 840 751 927 824; x_wconf 82' lang='grc' dir='ltr'><strong><em>τόνδ’</em></strong></span> <span class='ocrx_word' id='word_1_34' title='bbox 955 760 989 822; x_wconf 88' lang='lat' dir='ltr'><strong>in</strong></span> <span class='ocrx_word' id='word_1_35' title='bbox 1010 751 1126 834; x_wconf 81' lang='grc' dir='ltr'><strong><em>τῶνδ’,</em></strong></span> <span class='ocrx_word' id='word_1_36' title='bbox 1160 758 1232 839; x_wconf 89' lang='lat' dir='ltr'><strong>quia</strong></span> <span class='ocrx_word' id='word_1_37' title='bbox 1260 779 1296 820; x_wconf 88' lang='lat' dir='ltr'><strong>ea</strong></span> <span class='ocrx_word' id='word_1_38' title='bbox 1326 760 1423 821; x_wconf 86' lang='lat' dir='ltr'><strong>verba</strong></span> 
     </span>
     <span class='ocr_line' id='line_1_7' title="bbox 170 861 1422 958; baseline -0.002 -25"><span class='ocrx_word' id='word_1_39' title='bbox 170 873 382 933; x_wconf 83' lang='lat' dir='ltr'><strong>referebantur</strong></span> <span class='ocrx_word' id='word_1_40' title='bbox 410 891 469 950; x_wconf 91' lang='lat' dir='ltr'><strong>quo</strong></span> <span class='ocrx_word' id='word_1_41' title='bbox 497 892 559 933; x_wconf 92' lang='lat' dir='ltr'><strong>non</strong></span> <span class='ocrx_word' id='word_1_42' title='bbox 586 871 782 950; x_wconf 74' lang='lat' dir='ltr'>pertinebant</span> <span class='ocrx_word' id='word_1_43' title='bbox 803 871 941 958; x_wconf 81' lang='grc' dir='ltr'><strong><em>(χῶρον,</em></strong></span> <span class='ocrx_word' id='word_1_44' title='bbox 967 861 1125 951; x_wconf 86' lang='grc' dir='ltr'><strong><em>τοῦνομα,</em></strong></span> <span class='ocrx_word' id='word_1_45' title='bbox 1153 870 1278 947; x_wconf 86' lang='grc' dir='ltr'><strong><em>κακῶν,</em></strong></span> <span class='ocrx_word' id='word_1_46' title='bbox 1305 869 1422 950; x_wconf 68' lang='grc' dir='ltr'><strong><em>θεῶν).</em></strong></span> 
     </span>
     <span class='ocr_line' id='line_1_8' title="bbox 173 971 1424 1066; baseline -0.001 -20"><span class='ocrx_word' id='word_1_47' title='bbox 173 985 220 1046; x_wconf 89' lang='lat' dir='ltr'><strong>Ib.</strong></span> <span class='ocrx_word' id='word_1_48' title='bbox 243 984 305 1045; x_wconf 82' lang='lat'><strong>219</strong></span> <span class='ocrx_word' id='word_1_49' title='bbox 327 974 457 1066; x_wconf 79' lang='grc' dir='ltr'><strong><em>μέλλετ’,</em></strong></span> <span class='ocrx_word' id='word_1_50' title='bbox 481 977 562 1050; x_wconf 72' lang='grc' dir='ltr'><strong><em>ἄλλα</em></strong></span> <span class='ocrx_word' id='word_1_51' title='bbox 583 971 734 1062; x_wconf 82' lang='grc' dir='ltr'><strong><em>ταχόνιτι</em></strong></span> <span class='ocrx_word' id='word_1_52' title='bbox 756 996 925 1046; x_wconf 83' lang='lat' dir='ltr'><strong>correctum</strong></span> <span class='ocrx_word' id='word_1_53' title='bbox 947 1005 985 1045; x_wconf 90' lang='lat' dir='ltr'><strong>ex</strong></span> <span class='ocrx_word' id='word_1_54' title='bbox 1006 981 1170 1064; x_wconf 72' lang='grc' dir='ltr'><strong><em>μέλλετον,</em></strong></span> <span class='ocrx_word' id='word_1_55' title='bbox 1192 974 1272 1048; x_wconf 76' lang='grc' dir='ltr'><strong><em>ἀλλα</em></strong></span> <span class='ocrx_word' id='word_1_56' title='bbox 1294 971 1424 1061; x_wconf 75' lang='grc' dir='ltr'><strong><em>τάχυνε,</em></strong></span> 
     </span>
     <span class='ocr_line' id='line_1_9' title="bbox 173 1086 1424 1176; baseline -0.001 -19"><span class='ocrx_word' id='word_1_57' title='bbox 173 1095 255 1175; x_wconf 90' lang='lat' dir='ltr'><strong>quod</strong></span> <span class='ocrx_word' id='word_1_58' title='bbox 265 1097 457 1158; x_wconf 87' lang='lat' dir='ltr'><strong>Hermannus</strong></span> <span class='ocrx_word' id='word_1_59' title='bbox 475 1101 507 1159; x_wconf 89' lang='lat' dir='ltr'><strong>et</strong></span> <span class='ocrx_word' id='word_1_60' title='bbox 517 1097 682 1158; x_wconf 87' lang='lat' dir='ltr'><strong>Elmsleins</strong></span> <span class='ocrx_word' id='word_1_61' title='bbox 698 1097 914 1173; x_wconf 81' lang='lat' dir='ltr'><strong>restituerunt3</strong></span> <span class='ocrx_word' id='word_1_62' title='bbox 936 1098 1001 1158; x_wconf 82' lang='grc'><strong>475</strong></span> <span class='ocrx_word' id='word_1_63' title='bbox 1012 1088 1202 1160; x_wconf 84' lang='grc' dir='ltr'><strong><em>οἰνιοτόκωι</em></strong></span> <span class='ocrx_word' id='word_1_64' title='bbox 1214 1116 1251 1157; x_wconf 86' lang='lat' dir='ltr'><strong>ex</strong></span> <span class='ocrx_word' id='word_1_65' title='bbox 1265 1086 1424 1176; x_wconf 78' lang='grc' dir='ltr'><strong><em>νιοπόκῳ,</em></strong></span> 
     </span>
     <span class='ocr_line' id='line_1_10' title="bbox 174 1196 1424 1289; baseline -0.002 -19"><span class='ocrx_word' id='word_1_66' title='bbox 174 1209 255 1288; x_wconf 92' lang='lat' dir='ltr'><strong>quod</strong></span> <span class='ocrx_word' id='word_1_67' title='bbox 277 1208 427 1271; x_wconf 81' lang='lat' dir='ltr'><strong>(lanterna</strong></span> <span class='ocrx_word' id='word_1_68' title='bbox 456 1208 588 1284; x_wconf 88' lang='lat' dir='ltr'><strong>invenit,</strong></span> <span class='ocrx_word' id='word_1_69' title='bbox 616 1196 939 1289; x_wconf 89' lang='lat' dir='ltr'><strong>corruptumpropter</strong></span> <span class='ocrx_word' id='word_1_70' title='bbox 961 1197 1032 1285; x_wconf 79' lang='grc' dir='ltr'><strong><em>οἷός</em></strong></span> <span class='ocrx_word' id='word_1_71' title='bbox 1054 1208 1133 1287; x_wconf 91' lang='lat' dir='ltr'><strong>qnod</strong></span> <span class='ocrx_word' id='word_1_72' title='bbox 1161 1207 1317 1286; x_wconf 89' lang='lat' dir='ltr'><strong>praecedit</strong></span> <span class='ocrx_word' id='word_1_73' title='bbox 1344 1210 1424 1287; x_wconf 79' lang='lat' dir='ltr'><strong>(per-</strong></span> 
     </span>
     <span class='ocr_line' id='line_1_11' title="bbox 174 1303 891 1402; baseline -0.001 -20"><span class='ocrx_word' id='word_1_74' title='bbox 174 1303 279 1402; x_wconf 86' lang='lat' dir='ltr'><strong>peram</strong></span> <span class='ocrx_word' id='word_1_75' title='bbox 302 1340 394 1400; x_wconf 85' lang='lat' dir='ltr'><strong>supra</strong></span> <span class='ocrx_word' id='word_1_76' title='bbox 416 1319 543 1400; x_wconf 76' lang='lat' dir='ltr'><strong>scripait</strong></span> <span class='ocrx_word' id='word_1_77' title='bbox 564 1341 601 1380; x_wconf 91' lang='lat' dir='ltr'><strong>m.</strong></span> <span class='ocrx_word' id='word_1_78' title='bbox 625 1325 686 1381; x_wconf 92' lang='lat' dir='ltr'><strong>ant.</strong></span> <span class='ocrx_word' id='word_1_79' title='bbox 709 1311 891 1398; x_wconf 80' lang='grc' dir='ltr'><strong><em>οἶοπόκιιι).</em></strong></span> 
     </span>
    </p>
   </div>
   <div class='ocr_carea' id='block_1_5' title="bbox 176 1464 1428 2795">
    <p class='ocr_par' dir='ltr' id='par_1_5' title="bbox 176 1464 1428 2795">
     <span class='ocr_line' id='line_1_12' title="bbox 261 1464 1426 1560; baseline -0.001 -23"><span class='ocrx_word' id='word_1_80' title='bbox 261 1478 349 1538; x_wconf 87' lang='lat' dir='ltr'><strong>Nunc</strong></span> <span class='ocrx_word' id='word_1_81' title='bbox 377 1476 439 1536; x_wconf 90' lang='lat' dir='ltr'><strong>iam</strong></span> <span class='ocrx_word' id='word_1_82' title='bbox 466 1476 560 1538; x_wconf 83' lang='lat' dir='ltr'><strong>audeo</strong></span> <span class='ocrx_word' id='word_1_83' title='bbox 591 1477 628 1537; x_wconf 90' lang='lat' dir='ltr'><strong>de</strong></span> <span class='ocrx_word' id='word_1_84' title='bbox 650 1476 848 1539; x_wconf 80' lang='lat' dir='ltr'><strong>vexatissimo</strong></span> <span class='ocrx_word' id='word_1_85' title='bbox 871 1496 963 1538; x_wconf 89' lang='lat' dir='ltr'><strong>versu</strong></span> <span class='ocrx_word' id='word_1_86' title='bbox 985 1474 1056 1537; x_wconf 85' lang='lat' dir='ltr'><strong>Ant.</strong></span> <span class='ocrx_word' id='word_1_87' title='bbox 1080 1475 1101 1536; x_wconf 76' lang='lat'>4</span> <span class='ocrx_word' id='word_1_88' title='bbox 1122 1466 1217 1558; x_wconf 72' lang='grc' dir='ltr'><strong><em>(ῦτης</em></strong></span> <span class='ocrx_word' id='word_1_89' title='bbox 1240 1464 1332 1560; x_wconf 71' lang='lat' dir='ltr'><strong>drap)</strong></span> <span class='ocrx_word' id='word_1_90' title='bbox 1356 1497 1426 1538; x_wconf 91' lang='lat' dir='ltr'><strong>oon-</strong></span> 
     </span>
     <span class='ocr_line' id='line_1_13' title="bbox 176 1586 1426 1669; baseline -0.002 -18"><span class='ocrx_word' id='word_1_91' title='bbox 176 1589 323 1651; x_wconf 88' lang='lat' dir='ltr'><strong>iectnram</strong></span> <span class='ocrx_word' id='word_1_92' title='bbox 344 1610 441 1649; x_wconf 88' lang='lat' dir='ltr'><strong>meam</strong></span> <span class='ocrx_word' id='word_1_93' title='bbox 462 1589 599 1669; x_wconf 89' lang='lat' dir='ltr'><strong>proferre</strong></span> <span class='ocrx_word' id='word_1_94' title='bbox 621 1593 653 1650; x_wconf 87' lang='lat' dir='ltr'><strong>et</strong></span> <span class='ocrx_word' id='word_1_95' title='bbox 675 1589 806 1651; x_wconf 86' lang='lat' dir='ltr'><strong>rationis</strong></span> <span class='ocrx_word' id='word_1_96' title='bbox 829 1593 860 1650; x_wconf 90' lang='lat' dir='ltr'><strong>et</strong></span> <span class='ocrx_word' id='word_1_97' title='bbox 881 1588 925 1648; x_wconf 90' lang='lat' dir='ltr'><strong>rei</strong></span> <span class='ocrx_word' id='word_1_98' title='bbox 947 1608 1048 1649; x_wconf 89' lang='lat' dir='ltr'><strong>eausa.</strong></span> <span class='ocrx_word' id='word_1_99' title='bbox 1081 1588 1181 1665; x_wconf 87' lang='lat' dir='ltr'>Prope</span> <span class='ocrx_word' id='word_1_100' title='bbox 1204 1586 1332 1666; x_wconf 88' lang='lat' dir='ltr'><strong>quidem,</strong></span> <span class='ocrx_word' id='word_1_101' title='bbox 1356 1609 1426 1650; x_wconf 86' lang='lat' dir='ltr'><strong>eum</strong></span> 
     </span>
     <span class='ocr_line' id='line_1_14' title="bbox 176 1691 1426 1783; baseline -0.001 -21"><span class='ocrx_word' id='word_1_102' title='bbox 176 1701 274 1783; x_wconf 89' lang='lat' dir='ltr'><strong>primo</strong></span> <span class='ocrx_word' id='word_1_103' title='bbox 296 1699 493 1763; x_wconf 85' lang='lat' dir='ltr'><strong>coniecissem</strong></span> <span class='ocrx_word' id='word_1_104' title='bbox 515 1693 612 1776; x_wconf 79' lang='grc' dir='ltr'><strong><em>δι’κοος</em></strong></span> <span class='ocrx_word' id='word_1_105' title='bbox 634 1691 730 1782; x_wconf 69' lang='lat' dir='ltr'><strong>deep,</strong></span> <span class='ocrx_word' id='word_1_106' title='bbox 761 1699 900 1778; x_wconf 81' lang='lat' dir='ltr'><strong>acquievi</strong></span> <span class='ocrx_word' id='word_1_107' title='bbox 922 1700 1060 1778; x_wconf 85' lang='lat' dir='ltr'><strong>cognito,</strong></span> <span class='ocrx_word' id='word_1_108' title='bbox 1090 1698 1167 1759; x_wconf 91' lang='lat' dir='ltr'><strong>illud</strong></span> <span class='ocrx_word' id='word_1_109' title='bbox 1186 1699 1247 1759; x_wconf 88' lang='lat' dir='ltr'><strong>iam</strong></span> <span class='ocrx_word' id='word_1_110' title='bbox 1270 1701 1308 1760; x_wconf 93' lang='lat' dir='ltr'><strong>ab</strong></span> <span class='ocrx_word' id='word_1_111' title='bbox 1330 1697 1426 1761; x_wconf 87' lang='lat' dir='ltr'><strong>Astio</strong></span> 
     </span>
     <span class='ocr_line' id='line_1_15' title="bbox 177 1811 1427 1892; baseline -0.002 -16"><span class='ocrx_word' id='word_1_112' title='bbox 177 1813 337 1877; x_wconf 85' lang='lat' dir='ltr'><strong>inventum</strong></span> <span class='ocrx_word' id='word_1_113' title='bbox 368 1819 400 1876; x_wconf 92' lang='lat' dir='ltr'><strong>et</strong></span> <span class='ocrx_word' id='word_1_114' title='bbox 428 1814 630 1878; x_wconf 86' lang='lat' dir='ltr'><strong>aWelckero</strong></span> <span class='ocrx_word' id='word_1_115' title='bbox 659 1813 693 1874; x_wconf 90' lang='lat' dir='ltr'><strong>in</strong></span> <span class='ocrx_word' id='word_1_116' title='bbox 714 1814 792 1874; x_wconf 81' lang='lat' dir='ltr'><strong>Mus,</strong></span> <span class='ocrx_word' id='word_1_117' title='bbox 815 1813 912 1874; x_wconf 87' lang='lat' dir='ltr'><strong>Rhen.</strong></span> <span class='ocrx_word' id='word_1_118' title='bbox 934 1812 971 1873; x_wconf 87' lang='lat' dir='ltr'><strong>N.</strong></span> <span class='ocrx_word' id='word_1_119' title='bbox 995 1811 1024 1872; x_wconf 87' lang='lat' dir='ltr'><strong>S.</strong></span> <span class='ocrx_word' id='word_1_120' title='bbox 1049 1811 1127 1872; x_wconf 90' lang='lat' dir='ltr'><strong>XVI</strong></span> <span class='ocrx_word' id='word_1_121' title='bbox 1148 1830 1177 1889; x_wconf 92' lang='lat' dir='ltr'><strong>p.</strong></span> <span class='ocrx_word' id='word_1_122' title='bbox 1200 1812 1264 1872; x_wconf 83' lang='grc'><strong>310</strong></span> <span class='ocrx_word' id='word_1_123' title='bbox 1286 1812 1427 1892; x_wconf 88' lang='lat' dir='ltr'><strong>praelata</strong></span> 
     </span>
     <span class='ocr_line' id='line_1_16' title="bbox 177 1919 1427 2012; baseline -0.004 -22"><span class='ocrx_word' id='word_1_124' title='bbox 177 1928 275 2010; x_wconf 85' lang='lat' dir='ltr'><strong>forma</strong></span> <span class='ocrx_word' id='word_1_125' title='bbox 290 1919 371 2012; x_wconf 76' lang='grc' dir='ltr'><strong><em>δι’κρς</em></strong></span> <span class='ocrx_word' id='word_1_126' title='bbox 387 1928 439 1989; x_wconf 87' lang='lat' dir='ltr'><strong>vel</strong></span> <span class='ocrx_word' id='word_1_127' title='bbox 454 1925 583 1987; x_wconf 90' lang='lat' dir='ltr'><strong>maxime</strong></span> <span class='ocrx_word' id='word_1_128' title='bbox 597 1925 835 1988; x_wconf 86' lang='lat' dir='ltr'><strong>commendatum</strong></span> <span class='ocrx_word' id='word_1_129' title='bbox 854 1946 927 1986; x_wconf 88' lang='lat' dir='ltr'><strong>esse.</strong></span> <span class='ocrx_word' id='word_1_130' title='bbox 951 1925 1038 1985; x_wconf 86' lang='lat' dir='ltr'><strong>Nunc</strong></span> <span class='ocrx_word' id='word_1_131' title='bbox 1059 1945 1164 1986; x_wconf 91' lang='lat' dir='ltr'><strong>verum</strong></span> <span class='ocrx_word' id='word_1_132' title='bbox 1177 1923 1332 1986; x_wconf 89' lang='lat' dir='ltr'><strong>invenisse</strong></span> <span class='ocrx_word' id='word_1_133' title='bbox 1349 1924 1427 1985; x_wconf 89' lang='lat' dir='ltr'><strong>mihi</strong></span> 
     </span>
     <span class='ocr_line' id='line_1_17' title="bbox 176 2035 1427 2119; baseline -0.006 -16"><span class='ocrx_word' id='word_1_134' title='bbox 176 2041 292 2104; x_wconf 82' lang='lat' dir='ltr'><strong>videor.</strong></span> <span class='ocrx_word' id='word_1_135' title='bbox 336 2041 402 2102; x_wconf 86' lang='lat' dir='ltr'><strong>Hoc</strong></span> <span class='ocrx_word' id='word_1_136' title='bbox 424 2039 589 2119; x_wconf 78' lang='lat' dir='ltr'><strong>praemitto</strong></span> <span class='ocrx_word' id='word_1_137' title='bbox 612 2059 659 2098; x_wconf 93' lang='lat' dir='ltr'><strong>me</strong></span> <span class='ocrx_word' id='word_1_138' title='bbox 681 2037 829 2101; x_wconf 72' lang='lat' dir='ltr'><strong>brevitati</strong></span> <span class='ocrx_word' id='word_1_139' title='bbox 852 2037 975 2098; x_wconf 88' lang='lat' dir='ltr'><strong>studere</strong></span> <span class='ocrx_word' id='word_1_140' title='bbox 1006 2058 1040 2098; x_wconf 87' lang='lat' dir='ltr'><strong>aa</strong></span> <span class='ocrx_word' id='word_1_141' title='bbox 1068 2056 1129 2098; x_wconf 91' lang='lat' dir='ltr'><strong>non</strong></span> <span class='ocrx_word' id='word_1_142' title='bbox 1158 2039 1310 2114; x_wconf 86' lang='lat' dir='ltr'><strong>repetere,</strong></span> <span class='ocrx_word' id='word_1_143' title='bbox 1346 2035 1427 2114; x_wconf 90' lang='lat' dir='ltr'><strong>qnod</strong></span> 
     </span>
     <span class='ocr_line' id='line_1_18' title="bbox 178 2149 1428 2228; baseline -0.005 -12"><span class='ocrx_word' id='word_1_144' title='bbox 178 2155 216 2216; x_wconf 91' lang='lat' dir='ltr'><strong>ab</strong></span> <span class='ocrx_word' id='word_1_145' title='bbox 240 2151 310 2214; x_wconf 85' lang='lat' dir='ltr'><strong>aliis</strong></span> <span class='ocrx_word' id='word_1_146' title='bbox 333 2150 411 2213; x_wconf 86' lang='lat' dir='ltr'><strong>satis</strong></span> <span class='ocrx_word' id='word_1_147' title='bbox 434 2150 674 2212; x_wconf 86' lang='lat' dir='ltr'><strong>demonstratum</strong></span> <span class='ocrx_word' id='word_1_148' title='bbox 696 2154 752 2210; x_wconf 88' lang='lat' dir='ltr'><strong>est.</strong></span> <span class='ocrx_word' id='word_1_149' title='bbox 796 2151 842 2211; x_wconf 88' lang='lat' dir='ltr'><strong>Ne</strong></span> <span class='ocrx_word' id='word_1_150' title='bbox 865 2149 933 2227; x_wconf 92' lang='lat' dir='ltr'><strong>quis</strong></span> <span class='ocrx_word' id='word_1_151' title='bbox 955 2149 1054 2228; x_wconf 85' lang='lat' dir='ltr'><strong>igitur</strong></span> <span class='ocrx_word' id='word_1_152' title='bbox 1082 2171 1129 2210; x_wconf 91' lang='lat' dir='ltr'><strong>me</strong></span> <span class='ocrx_word' id='word_1_153' title='bbox 1157 2152 1279 2210; x_wconf 76' lang='lat' dir='ltr'><strong>accuret</strong></span> <span class='ocrx_word' id='word_1_154' title='bbox 1306 2149 1428 2210; x_wconf 90' lang='lat' dir='ltr'><strong>temeri·</strong></span> 
     </span>
     <span class='ocr_line' id='line_1_19' title="bbox 177 2260 1425 2340; baseline -0.006 -13"><span class='ocrx_word' id='word_1_155' title='bbox 177 2265 263 2340; x_wconf 88' lang='lat' dir='ltr'><strong>tatis,</strong></span> <span class='ocrx_word' id='word_1_156' title='bbox 287 2265 314 2325; x_wconf 89' lang='lat' dir='ltr'><strong>si</strong></span> <span class='ocrx_word' id='word_1_157' title='bbox 332 2264 413 2325; x_wconf 92' lang='lat' dir='ltr'><strong>nihil</strong></span> <span class='ocrx_word' id='word_1_158' title='bbox 432 2263 499 2324; x_wconf 89' lang='lat' dir='ltr'><strong>dieo</strong></span> <span class='ocrx_word' id='word_1_159' title='bbox 515 2264 552 2324; x_wconf 91' lang='lat' dir='ltr'><strong>de</strong></span> <span class='ocrx_word' id='word_1_160' title='bbox 573 2281 665 2324; x_wconf 85' lang='lat' dir='ltr'><strong>cansa</strong></span> <span class='ocrx_word' id='word_1_161' title='bbox 680 2282 733 2323; x_wconf 89' lang='lat' dir='ltr'><strong>cur</strong></span> <span class='ocrx_word' id='word_1_162' title='bbox 747 2262 833 2323; x_wconf 89' lang='lat' dir='ltr'><strong>loeus</strong></span> <span class='ocrx_word' id='word_1_163' title='bbox 846 2261 972 2340; x_wconf 89' lang='lat' dir='ltr'><strong>quisque</strong></span> <span class='ocrx_word' id='word_1_164' title='bbox 987 2282 1048 2324; x_wconf 91' lang='lat' dir='ltr'><strong>non</strong></span> <span class='ocrx_word' id='word_1_165' title='bbox 1063 2281 1156 2322; x_wconf 89' lang='lat' dir='ltr'><strong>sanus</strong></span> <span class='ocrx_word' id='word_1_166' title='bbox 1176 2260 1219 2321; x_wconf 92' lang='lat' dir='ltr'><strong>sit</strong></span> <span class='ocrx_word' id='word_1_167' title='bbox 1236 2260 1425 2322; x_wconf 89' lang='lat' dir='ltr'><strong>iudicandus.</strong></span> 
     </span>
     <span class='ocr_line' id='line_1_20' title="bbox 178 2362 1426 2459; baseline -0.005 -19"><span class='ocrx_word' id='word_1_168' title='bbox 178 2376 363 2455; x_wconf 83' lang='lat' dir='ltr'><strong>Oorrnptnm</strong></span> <span class='ocrx_word' id='word_1_169' title='bbox 391 2379 492 2437; x_wconf 83' lang='lat' dir='ltr'><strong>autam</strong></span> <span class='ocrx_word' id='word_1_170' title='bbox 523 2365 600 2459; x_wconf 73' lang='lat' dir='ltr'><strong>dorp</strong></span> <span class='ocrx_word' id='word_1_171' title='bbox 631 2378 757 2453; x_wconf 88' lang='lat' dir='ltr'><strong>propter</strong></span> <span class='ocrx_word' id='word_1_172' title='bbox 785 2362 865 2456; x_wconf 78' lang='grc' dir='ltr'><strong><em>ῦτρς</em></strong></span> <span class='ocrx_word' id='word_1_173' title='bbox 895 2394 933 2434; x_wconf 79' lang='lat' dir='ltr'><strong>ex</strong></span> <span class='ocrx_word' id='word_1_174' title='bbox 961 2369 1055 2458; x_wconf 72' lang='grc' dir='ltr'><strong><em>πέρα.</em></strong></span> <span class='ocrx_word' id='word_1_175' title='bbox 1100 2372 1176 2435; x_wconf 82' lang='lat' dir='ltr'><strong>Cum</strong></span> <span class='ocrx_word' id='word_1_176' title='bbox 1197 2373 1300 2436; x_wconf 91' lang='lat' dir='ltr'><strong>verbis</strong></span> <span class='ocrx_word' id='word_1_177' title='bbox 1331 2364 1426 2437; x_wconf 84' lang='grc' dir='ltr'><strong><em>οῦδὲν</em></strong></span> 
     </span>
     <span class='ocr_line' id='line_1_21' title="bbox 177 2476 1427 2578; baseline -0.006 -23"><span class='ocrx_word' id='word_1_178' title='bbox 177 2481 238 2578; x_wconf 75' lang='grc' dir='ltr'><strong>γὰρ</strong></span> <span class='ocrx_word' id='word_1_179' title='bbox 260 2480 326 2555; x_wconf 73' lang='grc' dir='ltr'><strong><em>οὔτ’</em></strong></span> <span class='ocrx_word' id='word_1_180' title='bbox 349 2478 493 2574; x_wconf 75' lang='grc' dir='ltr'><strong><em>οἷλγιινδν</em></strong></span> <span class='ocrx_word' id='word_1_181' title='bbox 515 2477 580 2552; x_wconf 75' lang='grc' dir='ltr'><strong><em>οὔτ’</em></strong></span> <span class='ocrx_word' id='word_1_182' title='bbox 611 2479 690 2570; x_wconf 67' lang='lat' dir='ltr'><strong>dape</strong></span> <span class='ocrx_word' id='word_1_183' title='bbox 717 2481 803 2568; x_wconf 78' lang='grc' dir='ltr'><strong><em>πέρα</em></strong></span> <span class='ocrx_word' id='word_1_184' title='bbox 833 2487 887 2548; x_wconf 84' lang='lat' dir='ltr'><strong>cfr.</strong></span> <span class='ocrx_word' id='word_1_185' title='bbox 909 2485 1092 2547; x_wconf 89' lang='lat' dir='ltr'><strong>locutionem</strong></span> <span class='ocrx_word' id='word_1_186' title='bbox 1123 2476 1227 2549; x_wconf 83' lang='grc' dir='ltr'><strong><em>δεινὰν</em></strong></span> <span class='ocrx_word' id='word_1_187' title='bbox 1254 2481 1310 2547; x_wconf 88' lang='grc' dir='ltr'><strong>καὶ</strong></span> <span class='ocrx_word' id='word_1_188' title='bbox 1340 2481 1427 2573; x_wconf 82' lang='grc' dir='ltr'><strong><em>πέρα</em></strong></span> 
     </span>
     <span class='ocr_line' id='line_1_22' title="bbox 178 2595 1427 2680; baseline -0.006 -12"><span class='ocrx_word' id='word_1_189' title='bbox 178 2599 287 2668; x_wconf 80' lang='grc' dir='ltr'><strong><em>δεινοῦ</em></strong></span> <span class='ocrx_word' id='word_1_190' title='bbox 317 2604 360 2680; x_wconf 86' lang='grc' dir='ltr'><strong>(ν.</strong></span> <span class='ocrx_word' id='word_1_191' title='bbox 381 2599 514 2662; x_wconf 84' lang='lat' dir='ltr'><strong>Nauokii</strong></span> <span class='ocrx_word' id='word_1_192' title='bbox 544 2600 645 2662; x_wconf 90' lang='lat' dir='ltr'><strong>adnot.</strong></span> <span class='ocrx_word' id='word_1_193' title='bbox 675 2599 743 2661; x_wconf 91' lang='lat' dir='ltr'><strong>crit.</strong></span> <span class='ocrx_word' id='word_1_194' title='bbox 774 2598 812 2660; x_wconf 91' lang='lat' dir='ltr'><strong>ad</strong></span> <span class='ocrx_word' id='word_1_195' title='bbox 833 2597 908 2658; x_wconf 85' lang='lat' dir='ltr'><strong>Ant.</strong></span> <span class='ocrx_word' id='word_1_196' title='bbox 932 2595 1039 2678; x_wconf 85' lang='grc'><strong>1097).</strong></span> <span class='ocrx_word' id='word_1_197' title='bbox 1083 2598 1152 2659; x_wconf 88' lang='lat' dir='ltr'><strong>Non</strong></span> <span class='ocrx_word' id='word_1_198' title='bbox 1181 2595 1427 2676; x_wconf 81' lang='lat' dir='ltr'><strong>improbabiliter</strong></span> 
     </span>
     <span class='ocr_line' id='line_1_23' title="bbox 176 2700 1323 2795; baseline -0.006 -17"><span class='ocrx_word' id='word_1_199' title='bbox 176 2713 351 2778; x_wconf 88' lang='lat' dir='ltr'><strong>Wunderus</strong></span> <span class='ocrx_word' id='word_1_200' title='bbox 374 2714 485 2776; x_wconf 78' lang='lat' dir='ltr'><strong>Trach.</strong></span> <span class='ocrx_word' id='word_1_201' title='bbox 509 2712 592 2774; x_wconf 77' lang='lat'>1046</span> <span class='ocrx_word' id='word_1_202' title='bbox 616 2700 699 2795; x_wconf 77' lang='grc' dir='ltr'><strong><em>λόγῳ</em></strong></span> <span class='ocrx_word' id='word_1_203' title='bbox 723 2701 807 2773; x_wconf 70' lang='grc' dir='ltr'><strong><em>κακοὶ</em></strong></span> <span class='ocrx_word' id='word_1_204' title='bbox 830 2710 964 2772; x_wconf 86' lang='lat' dir='ltr'><strong>mutavit</strong></span> <span class='ocrx_word' id='word_1_205' title='bbox 985 2709 1018 2770; x_wconf 92' lang='lat' dir='ltr'><strong>in</strong></span> <span class='ocrx_word' id='word_1_206' title='bbox 1039 2700 1140 2795; x_wconf 75' lang='grc' dir='ltr'><strong><em>λόγων</em></strong></span> <span class='ocrx_word' id='word_1_207' title='bbox 1163 2705 1258 2795; x_wconf 77' lang='grc' dir='ltr'><strong><em>πέρα.</em></strong></span> <span class='ocrx_word' id='word_1_208' title='bbox 1283 2746 1323 2756; x_wconf 88' lang='grc'>-</span> 
     </span>
    </p>
   </div>
   <div class='ocr_carea' id='block_1_6' title="bbox 174 2848 1428 4180">
    <p class='ocr_par' dir='ltr' id='par_1_6' title="bbox 174 2848 1428 4180">
     <span class='ocr_line' id='line_1_24' title="bbox 268 2848 1427 2944; baseline -0.006 -22"><span class='ocrx_word' id='word_1_209' title='bbox 268 2856 303 2922; x_wconf 88' lang='lat' dir='ltr'><strong>O.</strong></span> <span class='ocrx_word' id='word_1_210' title='bbox 315 2857 353 2921; x_wconf 78' lang='lat' dir='ltr'><strong>R.</strong></span> <span class='ocrx_word' id='word_1_211' title='bbox 370 2857 432 2920; x_wconf 82' lang='lat'><strong>159</strong></span> <span class='ocrx_word' id='word_1_212' title='bbox 455 2849 591 2944; x_wconf 77' lang='grc' dir='ltr'><strong><em>ῦμβροτ’</em></strong></span> <span class='ocrx_word' id='word_1_213' title='bbox 607 2848 738 2923; x_wconf 71' lang='grc' dir='ltr'><strong><em>Ἀδόνα</em></strong></span> <span class='ocrx_word' id='word_1_214' title='bbox 757 2877 818 2918; x_wconf 92' lang='lat' dir='ltr'><strong>non</strong></span> <span class='ocrx_word' id='word_1_215' title='bbox 837 2857 958 2918; x_wconf 90' lang='lat' dir='ltr'><strong>omnino</strong></span> <span class='ocrx_word' id='word_1_216' title='bbox 978 2854 1142 2935; x_wconf 89' lang='lat' dir='ltr'><strong>repetitum</strong></span> <span class='ocrx_word' id='word_1_217' title='bbox 1160 2859 1207 2915; x_wconf 90' lang='lat' dir='ltr'><strong>est</strong></span> <span class='ocrx_word' id='word_1_218' title='bbox 1225 2877 1262 2916; x_wconf 83' lang='lat' dir='ltr'><strong>ex</strong></span> <span class='ocrx_word' id='word_1_219' title='bbox 1280 2849 1427 2941; x_wconf 67' lang='grc' dir='ltr'><strong><em>ἄμβροτα</em></strong></span> 
     </span>
     <span class='ocr_line' id='line_1_25' title="bbox 178 2963 1428 3055; baseline -0.006 -18"><span class='ocrx_word' id='word_1_220' title='bbox 178 2963 279 3052; x_wconf 74' lang='grc' dir='ltr'><strong><em>(δόμα</em></strong></span> <span class='ocrx_word' id='word_1_221' title='bbox 303 2966 412 3055; x_wconf 82' lang='grc'><strong>(157),</strong></span> <span class='ocrx_word' id='word_1_222' title='bbox 446 2971 500 3031; x_wconf 88' lang='lat' dir='ltr'><strong>sed</strong></span> <span class='ocrx_word' id='word_1_223' title='bbox 528 2969 620 3031; x_wconf 88' lang='lat' dir='ltr'><strong>huius</strong></span> <span class='ocrx_word' id='word_1_224' title='bbox 649 2969 709 3033; x_wconf 88' lang='lat' dir='ltr'><strong>loci</strong></span> <span class='ocrx_word' id='word_1_225' title='bbox 740 2969 949 3031; x_wconf 79' lang='lat' dir='ltr'><strong>recordatione</strong></span> <span class='ocrx_word' id='word_1_226' title='bbox 972 2972 1147 3047; x_wconf 88' lang='lat' dir='ltr'><strong>corruptum</strong></span> <span class='ocrx_word' id='word_1_227' title='bbox 1169 2968 1313 3030; x_wconf 85' lang='lat' dir='ltr'><strong>similiter</strong></span> <span class='ocrx_word' id='word_1_228' title='bbox 1334 2973 1428 3048; x_wconf 88' lang='lat' dir='ltr'><strong>atque</strong></span> 
     </span>
     <span class='ocr_line' id='line_1_26' title="bbox 178 3072 1428 3170; baseline -0.006 -23"><span class='ocrx_word' id='word_1_229' title='bbox 178 3085 212 3146; x_wconf 93' lang='grc' dir='ltr'><strong>Ο.</strong></span> <span class='ocrx_word' id='word_1_230' title='bbox 236 3084 268 3147; x_wconf 83' lang='lat' dir='ltr'><strong>O.</strong></span> <span class='ocrx_word' id='word_1_231' title='bbox 290 3085 310 3146; x_wconf 91' lang='lat' dir='ltr'><strong>l.</strong></span> <span class='ocrx_word' id='word_1_232' title='bbox 332 3104 357 3146; x_wconf 86' lang='lat' dir='ltr'><strong>s.</strong></span> <span class='ocrx_word' id='word_1_233' title='bbox 381 3104 408 3144; x_wconf 86' lang='lat' dir='ltr'><strong>a.</strong></span> <span class='ocrx_word' id='word_1_234' title='bbox 431 3074 610 3170; x_wconf 74' lang='grc' dir='ltr'><strong><em>κῶνανδρον</em></strong></span> <span class='ocrx_word' id='word_1_235' title='bbox 640 3103 677 3144; x_wconf 85' lang='lat' dir='ltr'><strong>ex</strong></span> <span class='ocrx_word' id='word_1_236' title='bbox 706 3072 869 3166; x_wconf 74' lang='lat' dir='ltr'><strong>no&#39;t&#39;rnyror.</strong></span> <span class='ocrx_word' id='word_1_237' title='bbox 915 3079 997 3154; x_wconf 77' lang='lat' dir='ltr'><strong>Quid</strong></span> <span class='ocrx_word' id='word_1_238' title='bbox 1029 3079 1204 3158; x_wconf 87' lang='lat' dir='ltr'><strong>requiratur</strong></span> <span class='ocrx_word' id='word_1_239' title='bbox 1232 3079 1428 3158; x_wconf 76' lang='lat' dir='ltr'><strong>cognoscitur</strong></span> 
     </span>
     <span class='ocr_line' id='line_1_27' title="bbox 179 3180 1428 3273; baseline -0.006 -13"><span class='ocrx_word' id='word_1_240' title='bbox 179 3218 272 3260; x_wconf 88' lang='lat' dir='ltr'><strong>exre</strong></span> <span class='ocrx_word' id='word_1_241' title='bbox 294 3201 326 3258; x_wconf 88' lang='lat' dir='ltr'><strong>et</strong></span> <span class='ocrx_word' id='word_1_242' title='bbox 346 3194 536 3259; x_wconf 86' lang='lat' dir='ltr'><strong>nominativo</strong></span> <span class='ocrx_word' id='word_1_243' title='bbox 558 3180 765 3273; x_wconf 71' lang='grc' dir='ltr'><strong><em>κεκλόμενος,</em></strong></span> <span class='ocrx_word' id='word_1_244' title='bbox 787 3213 875 3272; x_wconf 92' lang='lat' dir='ltr'><strong>quem</strong></span> <span class='ocrx_word' id='word_1_245' title='bbox 898 3213 972 3255; x_wconf 88' lang='lat' dir='ltr'><strong>cave</strong></span> <span class='ocrx_word' id='word_1_246' title='bbox 994 3190 1031 3254; x_wconf 94' lang='lat' dir='ltr'><strong>de</strong></span> <span class='ocrx_word' id='word_1_247' title='bbox 1053 3213 1090 3252; x_wconf 89' lang='lat' dir='ltr'><strong>m.</strong></span> <span class='ocrx_word' id='word_1_248' title='bbox 1113 3190 1341 3253; x_wconf 79' lang='lat' dir='ltr'><strong>recentissimae</strong></span> <span class='ocrx_word' id='word_1_249' title='bbox 1363 3211 1428 3253; x_wconf 89' lang='lat' dir='ltr'><strong>cor·</strong></span> 
     </span>
     <span class='ocr_line' id='line_1_28' title="bbox 178 3293 1428 3383; baseline -0.008 -10"><span class='ocrx_word' id='word_1_250' title='bbox 178 3311 312 3373; x_wconf 88' lang='lat' dir='ltr'><strong>rectione</strong></span> <span class='ocrx_word' id='word_1_251' title='bbox 333 3314 432 3372; x_wconf 85' lang='lat' dir='ltr'><strong>mutes</strong></span> <span class='ocrx_word' id='word_1_252' title='bbox 454 3309 488 3370; x_wconf 89' lang='lat' dir='ltr'><strong>in</strong></span> <span class='ocrx_word' id='word_1_253' title='bbox 510 3307 657 3369; x_wconf 91' lang='lat' dir='ltr'><strong>dativum.</strong></span> <span class='ocrx_word' id='word_1_254' title='bbox 689 3305 888 3367; x_wconf 89' lang='lat' dir='ltr'><strong>Scribendum</strong></span> <span class='ocrx_word' id='word_1_255' title='bbox 910 3293 1020 3382; x_wconf 62' lang='grc' dir='ltr'><strong><em>(ἔννομ’</em></strong></span> <span class='ocrx_word' id='word_1_256' title='bbox 1044 3295 1184 3369; x_wconf 71' lang='grc' dir='ltr'><strong><em>Ἀθάνα.</em></strong></span> <span class='ocrx_word' id='word_1_257' title='bbox 1216 3302 1316 3364; x_wconf 85' lang='lat' dir='ltr'><strong>Elisio</strong></span> <span class='ocrx_word' id='word_1_258' title='bbox 1340 3302 1428 3383; x_wconf 91' lang='lat' dir='ltr'><strong>diph-</strong></span> 
     </span>
     <span class='ocr_line' id='line_1_29' title="bbox 178 3415 1428 3507; baseline -0.006 -24"><span class='ocrx_word' id='word_1_259' title='bbox 178 3422 290 3507; x_wconf 86' lang='lat' dir='ltr'><strong>thongi</strong></span> <span class='ocrx_word' id='word_1_260' title='bbox 311 3443 347 3485; x_wconf 91' lang='grc' dir='ltr'><strong>αι</strong></span> <span class='ocrx_word' id='word_1_261' title='bbox 370 3425 457 3483; x_wconf 85' lang='lat' dir='ltr'><strong>extra</strong></span> <span class='ocrx_word' id='word_1_262' title='bbox 479 3419 702 3480; x_wconf 88' lang='lat' dir='ltr'><strong>dubitationem</strong></span> <span class='ocrx_word' id='word_1_263' title='bbox 724 3419 821 3477; x_wconf 87' lang='lat' dir='ltr'><strong>metro</strong></span> <span class='ocrx_word' id='word_1_264' title='bbox 849 3415 952 3494; x_wconf 89' lang='lat' dir='ltr'><strong>posita</strong></span> <span class='ocrx_word' id='word_1_265' title='bbox 976 3416 1086 3477; x_wconf 86' lang='lat' dir='ltr'><strong>Trach.</strong></span> <span class='ocrx_word' id='word_1_266' title='bbox 1109 3416 1172 3476; x_wconf 88' lang='grc'><strong>216</strong></span> <span class='ocrx_word' id='word_1_267' title='bbox 1196 3416 1265 3494; x_wconf 84' lang='lat' dir='ltr'><strong>(cfr.</strong></span> <span class='ocrx_word' id='word_1_268' title='bbox 1287 3415 1428 3478; x_wconf 81' lang='lat' dir='ltr'><strong>Dindorf.</strong></span> 
     </span>
     <span class='ocr_line' id='line_1_30' title="bbox 178 3526 1428 3613; baseline -0.005 -20"><span class='ocrx_word' id='word_1_269' title='bbox 178 3532 261 3613; x_wconf 86' lang='lat' dir='ltr'><strong>adn.)</strong></span> <span class='ocrx_word' id='word_1_270' title='bbox 290 3531 324 3592; x_wconf 89' lang='lat' dir='ltr'><strong>in</strong></span> <span class='ocrx_word' id='word_1_271' title='bbox 355 3533 412 3593; x_wconf 87' lang='lat' dir='ltr'><strong>hoe</strong></span> <span class='ocrx_word' id='word_1_272' title='bbox 439 3531 560 3592; x_wconf 83' lang='lat' dir='ltr'><strong>cantico</strong></span> <span class='ocrx_word' id='word_1_273' title='bbox 582 3529 662 3590; x_wconf 89' lang='lat' dir='ltr'><strong>nihil</strong></span> <span class='ocrx_word' id='word_1_274' title='bbox 684 3529 778 3588; x_wconf 87' lang='lat' dir='ltr'><strong>habet</strong></span> <span class='ocrx_word' id='word_1_275' title='bbox 800 3526 993 3601; x_wconf 85' lang='lat' dir='ltr'><strong>offensionis,</strong></span> <span class='ocrx_word' id='word_1_276' title='bbox 1023 3527 1057 3588; x_wconf 91' lang='lat' dir='ltr'><strong>in</strong></span> <span class='ocrx_word' id='word_1_277' title='bbox 1078 3526 1228 3589; x_wconf 86' lang='lat' dir='ltr'><strong>diverbiis</strong></span> <span class='ocrx_word' id='word_1_278' title='bbox 1250 3530 1351 3602; x_wconf 84' lang='lat' dir='ltr'><strong>recte,</strong></span> <span class='ocrx_word' id='word_1_279' title='bbox 1373 3526 1428 3589; x_wconf 89' lang='lat' dir='ltr'><strong>ubi</strong></span> 
     </span>
     <span class='ocr_line' id='line_1_31' title="bbox 178 3639 1428 3725; baseline -0.01 -13"><span class='ocrx_word' id='word_1_280' title='bbox 178 3645 212 3712; x_wconf 90' lang='lat' dir='ltr'><strong>in</strong></span> <span class='ocrx_word' id='word_1_281' title='bbox 236 3644 325 3707; x_wconf 84' lang='lat' dir='ltr'><strong>libris</strong></span> <span class='ocrx_word' id='word_1_282' title='bbox 347 3644 506 3706; x_wconf 84' lang='lat' dir='ltr'><strong>invenitur</strong></span> <span class='ocrx_word' id='word_1_283' title='bbox 529 3640 589 3725; x_wconf 85' lang='lat' dir='ltr'><strong>(El.</strong></span> <span class='ocrx_word' id='word_1_284' title='bbox 613 3641 685 3716; x_wconf 92' lang='grc'><strong><em>818,</em></strong></span> <span class='ocrx_word' id='word_1_285' title='bbox 709 3640 742 3700; x_wconf 92' lang='grc'><strong>0.</strong></span> <span class='ocrx_word' id='word_1_286' title='bbox 766 3639 798 3701; x_wconf 87' lang='lat' dir='ltr'><strong>C.</strong></span> <span class='ocrx_word' id='word_1_287' title='bbox 822 3640 896 3720; x_wconf 81' lang='lat'><strong>844,</strong></span> <span class='ocrx_word' id='word_1_288' title='bbox 919 3641 1000 3702; x_wconf 90' lang='lat' dir='ltr'><strong>Phil.</strong></span> <span class='ocrx_word' id='word_1_289' title='bbox 1024 3641 1096 3716; x_wconf 87' lang='grc'><strong><em>385,</em></strong></span> <span class='ocrx_word' id='word_1_290' title='bbox 1121 3641 1233 3719; x_wconf 87' lang='grc'><strong>1071),</strong></span> <span class='ocrx_word' id='word_1_291' title='bbox 1256 3639 1323 3702; x_wconf 91' lang='lat' dir='ltr'><strong>loco</strong></span> <span class='ocrx_word' id='word_1_292' title='bbox 1345 3644 1428 3702; x_wconf 85' lang='lat' dir='ltr'><strong>mota</strong></span> 
     </span>
     <span class='ocr_line' id='line_1_32' title="bbox 178 3741 1427 3842; baseline -0.002 -23"><span class='ocrx_word' id='word_1_293' title='bbox 178 3761 227 3819; x_wconf 84' lang='lat' dir='ltr'><strong>eet</strong></span> <span class='ocrx_word' id='word_1_294' title='bbox 248 3754 312 3840; x_wconf 70' lang='grc' dir='ltr'><strong>(Αἱ.</strong></span> <span class='ocrx_word' id='word_1_295' title='bbox 336 3754 399 3817; x_wconf 88' lang='grc'><strong>197</strong></span> <span class='ocrx_word' id='word_1_296' title='bbox 421 3773 465 3838; x_wconf 83' lang='lat' dir='ltr'><strong>aq.</strong></span> <span class='ocrx_word' id='word_1_297' title='bbox 488 3775 556 3816; x_wconf 90' lang='lat' dir='ltr'><strong>oum</strong></span> <span class='ocrx_word' id='word_1_298' title='bbox 578 3753 752 3815; x_wconf 90' lang='lat' dir='ltr'><strong>Hermanno</strong></span> <span class='ocrx_word' id='word_1_299' title='bbox 776 3744 945 3842; x_wconf 72' lang='grc' dir='ltr'><strong><em>όταρβήτα</em></strong></span> <span class='ocrx_word' id='word_1_300' title='bbox 966 3753 1016 3816; x_wconf 90' lang='lat' dir='ltr'><strong>vel</strong></span> <span class='ocrx_word' id='word_1_301' title='bbox 1039 3774 1077 3814; x_wconf 79' lang='lat' dir='ltr'><strong>ex</strong></span> <span class='ocrx_word' id='word_1_302' title='bbox 1105 3752 1292 3832; x_wconf 83' lang='lat' dir='ltr'><strong>apographis</strong></span> <span class='ocrx_word' id='word_1_303' title='bbox 1322 3741 1427 3837; x_wconf 75' lang='lat' dir='ltr'><strong>circip-</strong></span> 
     </span>
     <span class='ocr_line' id='line_1_33' title="bbox 178 3857 1428 3953; baseline -0.004 -22"><span class='ocrx_word' id='word_1_304' title='bbox 178 3869 278 3951; x_wconf 70' lang='grc' dir='ltr'><strong><em>βρτος</em></strong></span> <span class='ocrx_word' id='word_1_305' title='bbox 299 3867 378 3946; x_wconf 74' lang='lat' dir='ltr'><strong>(soit</strong></span> <span class='ocrx_word' id='word_1_306' title='bbox 397 3862 729 3949; x_wconf 65' lang='lat' dir='ltr'><strong>doaiv)‘reoipiendum</strong></span> <span class='ocrx_word' id='word_1_307' title='bbox 750 3869 781 3926; x_wconf 90' lang='lat' dir='ltr'><strong>et</strong></span> <span class='ocrx_word' id='word_1_308' title='bbox 802 3857 927 3953; x_wconf 49' lang='lat' dir='ltr'><strong>dprroirf,</strong></span> <span class='ocrx_word' id='word_1_309' title='bbox 950 3863 1030 3945; x_wconf 91' lang='lat' dir='ltr'><strong>quod</strong></span> <span class='ocrx_word' id='word_1_310' title='bbox 1052 3865 1145 3926; x_wconf 87' lang='lat' dir='ltr'><strong>habet</strong></span> <span class='ocrx_word' id='word_1_311' title='bbox 1160 3865 1207 3924; x_wconf 89' lang='lat' dir='ltr'><strong>La</strong></span> <span class='ocrx_word' id='word_1_312' title='bbox 1229 3867 1260 3924; x_wconf 89' lang='lat' dir='ltr'><strong>et</strong></span> <span class='ocrx_word' id='word_1_313' title='bbox 1281 3863 1428 3943; x_wconf 88' lang='lat' dir='ltr'><strong>pleraque</strong></span> 
     </span>
     <span class='ocr_line' id='line_1_34' title="bbox 174 3970 1428 4076; baseline -0.006 -32"><span class='ocrx_word' id='word_1_314' title='bbox 174 3981 365 4076; x_wconf 72' lang='lat' dir='ltr'><strong>apographa,</strong></span> <span class='ocrx_word' id='word_1_315' title='bbox 388 4000 456 4042; x_wconf 91' lang='lat' dir='ltr'><strong>cum</strong></span> <span class='ocrx_word' id='word_1_316' title='bbox 472 3979 583 4041; x_wconf 85' lang='lat' dir='ltr'><strong>Suidas</strong></span> <span class='ocrx_word' id='word_1_317' title='bbox 606 3983 639 4041; x_wconf 87' lang='lat' dir='ltr'><strong>et</strong></span> <span class='ocrx_word' id='word_1_318' title='bbox 661 3980 795 4041; x_wconf 86' lang='lat' dir='ltr'><strong>Zonaras</strong></span> <span class='ocrx_word' id='word_1_319' title='bbox 818 3970 905 4066; x_wconf 74' lang='grc' dir='ltr'><strong><em>ὁρμᾷ</em></strong></span> <span class='ocrx_word' id='word_1_320' title='bbox 926 3979 1083 4058; x_wconf 81' lang='lat' dir='ltr'><strong>praebent,</strong></span> <span class='ocrx_word' id='word_1_321' title='bbox 1105 3977 1283 4038; x_wconf 83' lang='lat' dir='ltr'><strong>mutandum</strong></span> <span class='ocrx_word' id='word_1_322' title='bbox 1304 3975 1428 4039; x_wconf 87' lang='lat' dir='ltr'><strong>videtur</strong></span> 
     </span>
     <span class='ocr_line' id='line_1_35' title="bbox 178 4081 460 4180; baseline -0.043 1"><span class='ocrx_word' id='word_1_323' title='bbox 178 4093 213 4156; x_wconf 69' lang='grc' dir='ltr'><strong><em>ἰν</em></strong></span> <span class='ocrx_word' id='word_1_324' title='bbox 233 4081 321 4180; x_wconf 59' lang='lat' dir='ltr'><strong>&amp;aar</strong></span> <span class='ocrx_word' id='word_1_325' title='bbox 341 4082 394 4170; x_wconf 64' lang='grc' dir='ltr'><strong>τ’)</strong></span> <span class='ocrx_word' id='word_1_326' title='bbox 419 4128 460 4139; x_wconf 80' lang='lat'><em>-</em></span> 
     </span>
    </p>
   </div>
   <div class='ocr_carea' id='block_1_7' title="bbox 179 4235 1427 4550">
    <p class='ocr_par' dir='ltr' id='par_1_7' title="bbox 179 4235 1427 4550">
     <span class='ocr_line' id='line_1_36' title="bbox 268 4235 1427 4328; baseline -0.002 -26"><span class='ocrx_word' id='word_1_327' title='bbox 268 4235 305 4302; x_wconf 88' lang='grc'><strong>0.</strong></span> <span class='ocrx_word' id='word_1_328' title='bbox 330 4236 364 4302; x_wconf 82' lang='grc'><strong>0.</strong></span> <span class='ocrx_word' id='word_1_329' title='bbox 386 4237 449 4302; x_wconf 85' lang='grc'><strong>281</strong></span> <span class='ocrx_word' id='word_1_330' title='bbox 483 4237 609 4328; x_wconf 77' lang='grc' dir='ltr'><strong><em>βροτῶν</em></strong></span> <span class='ocrx_word' id='word_1_331' title='bbox 637 4238 845 4302; x_wconf 85' lang='lat' dir='ltr'><strong>recordatione</strong></span> <span class='ocrx_word' id='word_1_332' title='bbox 872 4259 903 4302; x_wconf 90' lang='lat' dir='ltr'><strong>v.</strong></span> <span class='ocrx_word' id='word_1_333' title='bbox 931 4238 993 4300; x_wconf 87' lang='grc'><strong>279</strong></span> <span class='ocrx_word' id='word_1_334' title='bbox 1024 4236 1223 4316; x_wconf 88' lang='lat' dir='ltr'><strong>depravatum</strong></span> <span class='ocrx_word' id='word_1_335' title='bbox 1251 4258 1288 4298; x_wconf 90' lang='lat' dir='ltr'><strong>ex</strong></span> <span class='ocrx_word' id='word_1_336' title='bbox 1318 4237 1427 4302; x_wconf 82' lang='grc' dir='ltr'><strong><em>κακῶν</em></strong></span> 
     </span>
     <span class='ocr_line' id='line_1_37' title="bbox 179 4341 1427 4438; baseline -0.002 -23"><span class='ocrx_word' id='word_1_337' title='bbox 179 4351 314 4415; x_wconf 80' lang='lat' dir='ltr'><strong>arbitror</strong></span> <span class='ocrx_word' id='word_1_338' title='bbox 335 4343 435 4438; x_wconf 76' lang='grc' dir='ltr'><strong>(φαμι)</strong></span> <span class='ocrx_word' id='word_1_339' title='bbox 457 4349 566 4415; x_wconf 90' lang='grc' dir='ltr'><strong><em>κακῶν</em></strong></span> <span class='ocrx_word' id='word_1_340' title='bbox 588 4351 679 4412; x_wconf 88' lang='lat' dir='ltr'><strong>unius</strong></span> <span class='ocrx_word' id='word_1_341' title='bbox 701 4349 838 4413; x_wconf 91' lang='lat' dir='ltr'><strong>notionis</strong></span> <span class='ocrx_word' id='word_1_342' title='bbox 860 4350 960 4412; x_wconf 87' lang='lat' dir='ltr'><strong>instar</strong></span> <span class='ocrx_word' id='word_1_343' title='bbox 976 4348 1106 4411; x_wconf 87' lang='lat' dir='ltr'><strong>alterum</strong></span> <span class='ocrx_word' id='word_1_344' title='bbox 1124 4349 1299 4428; x_wconf 81' lang='lat' dir='ltr'><strong>genetivum</strong></span> <span class='ocrx_word' id='word_1_345' title='bbox 1312 4341 1427 4435; x_wconf 78' lang='grc' dir='ltr'><strong><em>φωτός</em></strong></span> 
     </span>
     <span class='ocr_line' id='line_1_38' title="bbox 179 4450 1425 4550; baseline -0.002 -22"><span class='ocrx_word' id='word_1_346' title='bbox 179 4454 312 4530; x_wconf 73' lang='grc' dir='ltr'><strong><em>ἀνοσίαν</em></strong></span> <span class='ocrx_word' id='word_1_347' title='bbox 333 4462 436 4546; x_wconf 85' lang='lat' dir='ltr'><strong>regit).</strong></span> <span class='ocrx_word' id='word_1_348' title='bbox 457 4462 535 4527; x_wconf 84' lang='lat' dir='ltr'><strong>Nam</strong></span> <span class='ocrx_word' id='word_1_349' title='bbox 551 4450 635 4550; x_wconf 68' lang='grc' dir='ltr'><strong><em>φαμι)</em></strong></span> <span class='ocrx_word' id='word_1_350' title='bbox 658 4463 715 4526; x_wconf 88' lang='lat' dir='ltr'><strong>hoe</strong></span> <span class='ocrx_word' id='word_1_351' title='bbox 736 4463 803 4526; x_wconf 90' lang='lat' dir='ltr'><strong>loco</strong></span> <span class='ocrx_word' id='word_1_352' title='bbox 822 4462 972 4548; x_wconf 83' lang='lat' dir='ltr'><strong>obiectum</strong></span> <span class='ocrx_word' id='word_1_353' title='bbox 991 4461 1129 4542; x_wconf 84' lang='lat' dir='ltr'><strong>requirit.</strong></span> <span class='ocrx_word' id='word_1_354' title='bbox 1152 4459 1326 4529; x_wconf 68' lang='lat' dir='ltr'><strong>lamec.</strong></span> <span class='ocrx_word' id='word_1_355' title='bbox 1340 4459 1425 4525; x_wconf 87' lang='grc'><strong>1135</strong></span> 
     </span>
    </p>
   </div>
   <div class='ocr_carea' id='block_1_8' title="bbox 0 0 1489 4934">
    <p class='ocr_par' dir='ltr' id='par_1_8' title="bbox 0 0 1489 4934">
     <span class='ocr_line' id='line_1_39' title="bbox 0 0 1489 4934; baseline 0 0"><span class='ocrx_word' id='word_1_356' title='bbox 0 0 1489 4934; x_wconf 95' lang='lat' dir='ltr'><strong> </strong></span> 
     </span>
    </p>
   </div>
  </div>
 </body>
</html>
