2956 4934
36 4504 77 4646 l

714 277 756 347 54

631 382 836 398 mmtmls

109 512 292 592 ingenioque
314 514 343 576 si
364 513 524 576 scribitur:
547 509 577 576 ei
595 508 697 579 στένει
720 517 843 593 („wenn
866 513 911 576 sie
931 513 1011 575 noch
1028 514 1128 575 seufzt
1146 547 1188 558 -
1200 511 1358 591 praecedit

109 617 197 706 ἀν’μοι
220 622 409 711 πέπληγμαι
431 663 489 701 -,
513 627 584 688 triff
603 627 750 689 siaroch
772 624 987 707 eiumal“).—
1010 622 1082 688 Ant.
1105 623 1170 688 856
1192 625 1296 688 nescio
1319 645 1359 688 au

110 739 213 818 aptius
236 738 280 800 sit
301 729 396 804 διλον
419 759 510 819 quam
533 728 646 803 ἆθλον.
673 775 710 783 -
737 735 773 802 O.
796 737 834 800 R.
858 737 941 800 1341
965 739 1040 800 libri
1063 738 1178 800 hebent
1199 729 1358 822 ὀλέθριον

109 847 227 934 μέγαν,
256 852 415 912 Turnebus
437 840 577 937 ὀλεθρον
599 851 746 925 correxit,
779 849 859 930 quod
880 851 973 929 vulgo
996 850 1158 929 recipitur;
1197 850 1252 912 sed
1273 850 1359 912 aliud

110 964 234 1024 subesse
255 963 391 1039 videtur,
406 964 619 1043 superlativus
641 963 786 1025 adiectivi
807 967 842 1023 ut
863 954 1083 1048 καταρδτατον
1105 967 1136 1025 ct
1156 955 1358 1046 ἐχθρότατον

110 1079 142 1136 et
163 1074 349 1137 adiectivum
378 1075 459 1154 quod
486 1075 741 1137 accommodatius
773 1079 822 1136 cst
845 1095 934 1153 quam
956 1067 1107 1158 δλεθροςε
1137 1066 1194 1137 cciv
1217 1065 1359 1158 ἀλιτρώ-

110 1209 207 1253 τατον
229 1187 279 1266 (de
301 1189 398 1250 forma
421 1187 602 1266 superlativi
623 1187 677 1248 cfr.
701 1189 774 1248 Eur.
796 1188 909 1249 Phoen.
930 1187 1013 1247 1345
1036 1173 1359 1270 βαρυποτμωτάτας,

111 1319 170 1378 quo
192 1298 348 1361 dochmius
370 1299 525 1377 efficitur).
543 1334 581 1344 -
608 1296 645 1362 0.
660 1297 694 1362 0.
707 1296 790 1360 1371
802 1318 857 1378 pro
870 1291 915 1370 eis·
927 1293 1042 1373 αὐτίκ’,
1063 1293 1159 1383 εἴπερ
1176 1293 1249 1361 οἵδε
1268 1317 1360 1358 sensu

110 1411 279 1490 requiritur
292 1400 337 1482 ἀς
349 1401 463 1487 atili,
486 1408 514 1476 εἰ
527 1401 688 1495 πάροιθε.
704 1447 741 1456 -
758 1407 794 1474 O.
810 1409 848 1472 R.
865 1410 929 1473 905
951 1409 1168 1473 vocabulorum
1190 1394 1360 1474 ἀθάνατον

112 1520 182 1588 αἰέν
202 1543 265 1585 ucn
287 1523 384 1585 solum
413 1525 543 1585 alterum
571 1524 682 1584 inutile
710 1527 771 1599 est,
802 1524 855 1585 sed
883 1523 977 1585 etiam
1004 1543 1041 1584 ex
1069 1542 1106 1583 ea
1133 1522 1267 1597 ratione,
1300 1543 1360 1601 qua

111 1627 165 1699 ciel
188 1655 254 1696 cum
283 1635 445 1698 adiectivis
478 1636 623 1714 coniungi
645 1637 723 1698 solet
744 1636 886 1716 („allzeit
906 1632 1132 1716 uusterblioh“)
1154 1635 1241 1697 notio
1263 1636 1360 1714 parti·

111 1748 197 1810 culae
218 1743 273 1812 cici
295 1749 440 1811 abhorret
461 1750 500 1810 ab
522 1748 648 1811 notione
669 1748 812 1811 vocabuli
836 1735 1018 1813 ἀδάνατον.
1062 1748 1244 1810 Mutandum
1266 1739 1360 1812 ἀθά-

111 1882 207 1926 νατον
228 1860 262 1922 iu
283 1849 472 1942 ἀδάματον,
504 1861 558 1924 cfr.
582 1860 654 1924 Aac.
676 1859 741 1922 604
762 1852 853 1943 τεάν,
878 1862 960 1937 Ζεῦ,
986 1853 1122 1925 δύνασιν
1149 1857 1201 1933 τίς
1230 1851 1360 1946 ἀνδρῶν

112 1963 302 2058 ὑπερβασία
332 1964 505 2052 κατάσχοι,
541 1994 599 2052 quo
628 1973 695 2035 loco
724 1973 827 2036 nescio
850 1992 890 2034 au
918 1993 974 2054 pro
996 1961 1071 2038 τεάν
1101 1974 1295 2035 scribendum
1316 1973 1361 2034 sit

114 2074 174 2148 σάν
203 2075 259 2157 ἀν,
290 2104 350 2163 qua
383 2084 592 2146 conlocatione
624 2084 793 2163 particulae
828 2075 868 2148 ἀν
904 2085 1045 2165 gravitas
1073 2084 1264 2164 pronominis
1298 2071 1361 2148 σάν

113 2199 250 2273 augetur.
265 2229 308 2239 -
327 2190 363 2256 Ο.
385 2193 423 2256 R.
446 2194 510 2257 217
539 2195 697 2257 Nauckius
725 2198 820 2259 verba
841 2195 881 2282 τῇ
903 2184 1048 2305 νόσῳ.θ’
1071 2189 1239 2292 δτιηρττεῐν
1265 2195 1360 2258 iustis

112 2307 214 2368 causis
242 2308 451 2388 impugnavit;
489 2308 622 2370 eiusdem
650 2308 822 2371 coniectura
850 2306 1000 2393 sqt‘oap
1030 2305 1067 2374 θ’
1097 2302 1262 2398 inspersit
1298 2309 1360 2372 etsi

113 2418 269 2499 speciosa,
292 2425 394 2482 tamen
416 2425 577 2500 propterea
598 2407 712 2500 porum*
727 2421 896 2500 probabilis
919 2426 980 2495 est,
1004 2421 1076 2500 quia
1098 2421 1182 2482 uliud
1204 2424 1236 2482 et
1256 2420 1359 2482 literis

112 2532 238 2612 propius
268 2538 300 2594 et
330 2535 434 2595 sensui
463 2534 718 2596 accommodatius
742 2534 893 2626 suppetit,
916 2534 984 2595 dico
1006 2526 1108 2597 κλύων
1132 2530 1294 2612 δέχεσθαι
1317 2524 1358 2619 δη

111 2636 150 2710 τδ
172 2632 229 2710 σόν
251 2636 287 2710 δ’
308 2637 541 2732 δαηρετεῖν.-
561 2645 641 2710 Pbil.
655 2645 740 2708 1153
763 2667 819 2726 pro
841 2638 898 2710 ὅδε
919 2637 1108 2727 αισὶίῐοδτε,
1130 2650 1166 2707 ut
1186 2644 1356 2725 complexio

112 2756 334 2819 sententiarum
354 2759 430 2819 hoec
458 2758 517 2818 sit:
547 2757 636 2844 φυγᾷ
663 2749 774 2843 μηκέτ’
798 2794 839 2805 -
861 2758 907 2821 sic
929 2758 1010 2820 enim
1037 2758 1136 2819 forme
1159 2755 1282 2822 πελάτε
1302 2777 1359 2836 pro

111 2869 216 2949 imper.
238 2890 336 2951 praes.
359 2875 483 2951 accepta
505 2872 574 2950 (cfr.
599 2871 633 2933 Ο.
656 2870 689 2934 C.
713 2871 812 2951 1060)
834 2892 889 2951 pro
919 2863 952 2952 μ’
975 2863 1076 2936 οὐκέτ’
1106 2869 1285 2931 mutandum
1313 2870 1359 2932 vi-

111 2982 208 3058 detur,
229 2986 265 3044 ut
285 2987 377 3062 aptus
398 2982 509 3046 evadat
530 3003 638 3045 sensus
662 3019 701 3030 —
725 2973 785 3049 ἀπ’
809 2975 933 3048 αὐλέων
955 2972 1071 3048 πελάτ’
1091 3018 1128 3028 -
1152 2974 1190 3047 οὐ
1211 2975 1273 3070 γάρ
1292 2978 1358 3063 ἔχω

111 3091 165 3160 xci
187 3131 227 3142 -
251 3086 320 3161 ἀλλ’
343 3085 477 3180 ἀνέδην,
500 3086 554 3160 ὅτε
575 3096 685 3181 χῶρος
697 3083 850 3182 ἐρύκεται
868 3090 933 3176 nrt,
953 3090 1080 3179 έρπετε.
1115 3094 1360 3174 Nuncopposita

111 3213 184 3270 sunt
205 3207 294 3295 φυγᾷ
315 3208 415 3276 πελάν
438 3212 470 3270 et
492 3199 609 3293 ἀνέδην
628 3205 761 3295 έρπεινς
787 3207 894 3294 χοῖρος
915 3197 1065 3292 iocinerum
1088 3196 1196 3271 οὐκέτι
1214 3199 1361 3292 φοβητδς

110 3316 186 3406 ὑμῖν
207 3329 309 3387 autem
331 3329 380 3387 est
404 3323 457 3403 „in
478 3344 514 3386 eo
532 3323 585 3402 qui
607 3327 691 3386 arcet
712 3343 731 3384 a
752 3322 842 3386 vobis
865 3323 946 3383 huno
967 3321 1074 3397 locum,
1096 3319 1260 3383 nihilium
1280 3321 1360 3402 peri·

110 3436 174 3499 culi
194 3437 284 3500 vobis
307 3440 476 3518 superest“.
498 3471 540 3482 -
960 3508 961 3512 η

197 3549 331 3612 Maxime
346 3549 466 3612 minora
477 3549 625 3612 vocabula
636 3548 856 3629 permutationi
873 3547 1068 3611 librariorum
1086 3547 1218 3611 obnoxia
1236 3548 1361 3610 fuerunt

111 3663 166 3726 cfr.
184 3662 339 3726 uocet
363 3652 427 3738 οὖν,
450 3657 523 3742 ain,-
549 3652 725 3742 12200150‘,
748 3653 808 3727 σι’
827 3661 964 3742 (nuru
987 3648 1062 3738 ὦσε,
1085 3653 1103 3727 ὁ
1126 3657 1193 3743 ctu
1217 3661 1360 3736 roseae,

112 3794 188 3862 σφε,
211 3776 296 3838 1578
316 3765 389 3852 τίν’,
410 3763 479 3856 τδν;
507 3776 591 3838 1678
603 3771 643 3851 εἰ,
665 3770 716 3855 έν;
741 3776 824 3838 1709
841 3771 904 3851 ciet,
927 3763 1005 3855 ἀνά,·
1031 3776 1141 3837 Trauli
1153 3774 1217 3837 672
1234 3765 1286 3852 ἀν,
1308 3769 1360 3860 έν;

113 3888 176 3950 700
188 3883 233 3968 ἐκ,
246 3877 286 3954 ἀν
291 3909 303 3968 ,·
324 3875 584 3971 E1.1024y'0ziv‚
601 3887 690 3966 sorim
717 3888 800 3950 1469
813 3883 858 3964 τέ,
873 3885 944 3972 τοὶς
969 3889 1052 3950 1506
1061 3883 1105 3973 γὲ,
1115 3886 1167 3973 ci;
1189 3887 1360 3950 sexcenties

111 3995 156 4086 γέ,
177 3995 221 4075 τέ,
244 3996 298 4079 δέ,·
323 3990 405 4076 οὕτε,
427 3990 517 4079 οὐδέ·
541 3991 633 4086 μήτε,
655 3998 750 4085 μηδέ.
763 4037 804 4047 -
830 3997 866 4064 Ο.
881 3999 915 4064 G.
931 4000 992 4062 721
1015 4022 1071 4081 pro
1086 3999 1141 4063 νῦν
1164 3997 1219 4065 σοὶ
1241 4001 1360 4064 conicio

111 4108 147 4176 ἐν
169 4108 232 4192 σοὶ,
254 4133 325 4174 uam
346 4111 417 4190 νῦν,
443 4133 534 4192 quum
556 4118 702 4192 sequatur
726 4104 782 4200 δὴ,
805 4115 1010 4176 necessarium
1031 4133 1093 4176 non
1114 4118 1162 4176 est
1183 4112 1253 4197 (cir.
1275 4113 1358 4177 Phil

114 4225 216 4300 1165,
238 4245 327 4303 quem
348 4225 448 4288 locum
469 4225 615 4287 similiter
636 4215 688 4292 δτι
710 4222 766 4290 σοὶ
789 4226 822 4287 iu
844 4219 902 4290 ἐπὶ
924 4223 977 4293 σοὶ
1000 4230 1120 4290 mutato
1136 4227 1176 4288 Μ.
1189 4228 1360 4307 Seyffertus

112 4338 259 4416 sanavit).
303 4336 445 4400 Ceterum
473 4342 575 4400 tacere
604 4357 666 4401 non
693 4357 831 4418 possum,
872 4359 920 4400 me
948 4339 1043 4402 etiam
1076 4339 1265 4419 suspicatum
1293 4362 1361 4405 esse

111 4449 167 4515 νῦν
189 4441 246 4516 σδν
267 4440 310 4514 τά
331 4441 468 4535 λαμπρά
491 4440 579 4516 ταῦτ’
602 4438 777 4534 ἀληθεύειν
799 4443 876 4537 ἔπη.
902 4486 940 4497 -
963 4450 1008 4515 lb.
1032 4450 1118 4514 1574
1138 4442 1180 4517 ἵν’
1203 4453 1361 4535 corrigere
