2956 4934
701 386 908 401 ΜΛΑΛΛΛΛΛΛΛΛΛΛ

183 519 243 584 Sed
263 521 362 600 magis
384 520 533 583 vocabula
554 517 639 599 ipsa,
663 538 753 597 quam
774 518 891 594 literae,
913 521 1088 598 permutata
1110 521 1191 578 sunt.
1238 513 1274 580 0.
1296 513 1335 578 R.
1360 513 1425 577 478

181 635 229 696 La
249 633 344 696 habet
367 633 540 718 ,πετραῖος
561 631 655 694 litera
676 651 753 710 qnae
775 649 867 711 super
885 650 904 693 o
920 617 1037 711 scripte
1052 634 1120 692 erat
1134 648 1235 704 erasa;
1257 628 1321 689 fuit
1342 627 1426 688 haud

180 747 271 810 dubie
292 749 341 810 m“
364 747 401 809 da
423 745 592 822 Duebneri,
616 747 791 833 ,πετραῖος
813 736 831 810 ό
852 743 974 831 ταῦρος
995 765 1033 806 m.
1055 764 1101 824 pr.
1122 742 1258 806 Mutavit
1281 731 1299 807 ό
1320 741 1355 802 iu
1378 734 1425 814 ῶς

180 879 218 920 m
240 862 318 922 rec.“
342 858 379 920 de
401 858 439 920 G.
462 858 583 923 Wolffii
604 857 762 921 relatione.
806 855 888 931 Quid
915 861 1022 918 taums
1043 855 1097 917 hio
1118 854 1209 930 velit,
1236 874 1331 932 quum
1363 873 1424 917 mo

179 972 291 1034 lestum
313 972 357 1033 sit
377 967 502 1057 πέτρας
523 963 581 1035 dte
603 970 770 1050 corrigere,
800 969 853 1032 vel
874 969 947 1048 quid
969 968 1069 1030 simile
1097 973 1203 1028 tourus
1226 987 1294 1029 cum
1316 966 1424 1045 ignoto

179 1084 236 1146 illo
256 1065 378 1145 homine
400 1084 526 1158 habeat,
554 1101 663 1162 parum
684 1081 878 1162 perspicuum
906 1084 963 1142 est.
1005 1080 1048 1142 Ni
1074 1079 1182 1155 fallor,
1211 1077 1425 1157 corrigendum

180 1199 341 1284 πετραῖος,
357 1187 506 1280 ἀμαυρός
516 1194 582 1274 (ie
592 1180 772 1272 σκοτεινῶς)
783 1189 898 1275 μέλεος
909 1187 962 1257 κτὲ
977 1183 1136 1279 (ἀμαυρός
1146 1181 1221 1277 φῶς
1231 1189 1424 1272 061018).

183 1344 222 1356 -
248 1303 285 1372 O.
309 1304 343 1370 0.
371 1303 436 1368 588
468 1306 523 1369 cfr.
550 1304 682 1369 Nauckii
715 1304 952 1368 adnotationem.
995 1306 1046 1368 Ex
1077 1326 1106 1367 v.
1134 1324 1178 1384 sq.
1213 1300 1360 1378 efficitur,
1394 1306 1426 1365 et

181 1414 316 1504 ἐγγενῶν
338 1439 393 1499 pro
415 1406 552 1505 ἐκγόνων
578 1418 616 1480 de
637 1418 806 1499 Hartungii
827 1418 1003 1481 coniectura
1030 1420 1063 1478 et
1084 1406 1105 1502 ἢ
1126 1414 1183 1481 τοῦ
1205 1415 1274 1500 (pro
1296 1403 1318 1499 ἢ
1338 1406 1424 1497 ’μοῦ)

181 1532 238 1594 ie.
259 1526 347 1604 τίνος
369 1526 471 1616 λέγεις
492 1530 587 1593 scribi
609 1535 764 1611 oportere,
786 1551 856 1593 nam
871 1519 1043 1614 ροελῆτοῦ
1058 1529 1177 1592 demum
1198 1531 1270 1608 apte
1291 1526 1426 1590 infertur

182 1650 215 1707 et
235 1645 274 1708 ed
295 1646 427 1726 priorem
448 1645 721 1724 interrogationem
741 1645 874 1707 refertur
894 1647 1000 1709 κεῖνοι.
1024 1677 1066 1689 -

266 1765 315 1835 N,
334 1764 363 1823 Y.
407 1757 442 1819 Ο.
464 1757 498 1820 (l.
522 1757 606 1819 1418
636 1747 676 1821 ἀν
704 1777 743 1819 ex
765 1744 806 1822 αὖ
834 1755 968 1819 correxit
988 1753 1228 1830 Vauvillersius,
1256 1754 1338 1816 Phil
1361 1754 1425 1815 572

181 1873 354 1948 Dobraeus3
389 1869 473 1932 1482
501 1868 561 1934 uod
590 1857 721 1949 τύχοιμι
749 1890 787 1931 ex
816 1859 1004 1949 συντόχοιμι
1027 1867 1172 1944 Gohetus,
1203 1867 1258 1929 cfr.
1285 1865 1338 1928 Αἰ.
1358 1867 1423 1928 451

180 1972 390 2050 ἐπευθόνονά
414 2002 490 2046 corr.
513 1982 546 2044 in
568 1969 779 2046 ἐπεντύνονά.
803 2016 844 2028 -
869 1979 905 2046 O.
923 1978 1060 2046 01013
1082 1972 1210 2068 ἀνδρῶν
1231 1979 1346 2042 falsum
1369 1984 1426 2055 est,

180 2116 252 2158 nam
275 2095 304 2158 si
325 2096 398 2157 deae
420 2095 567 2156 auxilium
578 2093 694 2172 Oedipo
716 2093 836 2155 laturae
857 2097 944 2170 sunt,
966 2093 1047 2156 nihil
1068 2093 1139 2156 inde
1153 2079 1190 2154 de
1205 2090 1426 2172 oppidanorum

180 2207 298 2270 virtute
319 2206 450 2268 iudicari
477 2209 588 2286 potest
632 2205 741 2284 ltaque
768 2201 895 2294 ἀνδρῶν
916 2205 998 2286 [sive
1019 2201 1120 2283 ἀνῶν)
1142 2204 1255 2267 abiisse
1276 2203 1367 2266 oredo
1389 2224 1428 2264 ex

181 2310 304 2386 αότῶνε
338 2314 417 2384 οἵων
444 2308 499 2383 ἀπ’
529 2313 635 2382 αἰτῶν
670 2317 751 2397 [soil.
777 2317 842 2382 τοῖν
876 2317 976 2396 θεῶν)
1007 2308 1066 2404 ἥδε
1095 2318 1284 2406 φρουρεῖται
1316 2303 1426 2397 πόλις,

182 2433 307 2514 „quales
318 2432 391 2494 illoc
401 2430 558 2512 praesides
570 2430 636 2499 sint
645 2430 735 2492 huius
746 2430 832 2492 urbis
848 2450 938 2509 quam
952 2434 988 2492 tu
1005 2431 1185 2493 violavisti“
1208 2433 1251 2509 (v.
1264 2429 1373 2508 1008).
1384 2463 1424 2475 -

265 2549 315 2624 0,
346 2550 381 2610 Ε.
424 2543 499 2607 Ant.
522 2543 585 2606 600
618 2533 637 2607 d
668 2539 783 2607 τέτατο
814 2563 870 2622 pro
902 2536 1034 2607 ἑτέτατο
1068 2542 1208 2605 restituit
1238 2541 1425 2604 Dindorlius.

181 2658 216 2720 Ο.
239 2656 272 2721 G.
294 2658 357 2720 989
380 2651 534 2742 ἐμφερεῖς
554 2676 584 2736 p.
606 2650 772 2744 ἑμφορεῖς,
795 2655 857 2718 647
880 2642 989 2739 λόγοις
1010 2675 1040 2735 p.
1063 2651 1172 2740 λέγοις
1193 2657 1247 2718 cfr.
1269 2655 1348 2731 251,
1370 2655 1426 2717 ubi

182 2765 275 2850 λέχος
296 2787 351 2850 pro
375 2755 469 2851 λόγος
490 2766 640 2830 Reislrius
662 2766 843 2830 emendavit.
875 2765 926 2829 Ac.
950 2765 1033 2830 1141
1056 2766 1227 2831 altercandi
1247 2766 1329 2829 ratio
1351 2770 1425 2847 post

176 2875 213 2944 ἓν
236 2899 290 2947 σοι
322 2872 439 2968 φράσω
468 2884 647 2960 argumento
676 2883 726 2942 est
752 2899 808 2959 pro
837 2879 967 2944 molesto
996 2879 1108 2947 τοῦτον
1136 2879 1329 2943 scribendum
1359 2899 1427 2942 esse

182 2988 277 3059 τοῦθ’
297 2989 342 3056 ἓν.
366 3028 408 3040 -
434 2989 469 3056 O.
492 2991 531 3058 R.
555 2991 619 3056 180
640 2989 799 3065 ἀνοίκτως
820 2997 892 3074 post
912 2987 1010 3077 νηλέα
1032 2992 1234 3073 tautologiam
1255 3013 1322 3055 esse
1343 2992 1427 3055 vidit

180 3105 363 3183 scholiasta;
385 3106 597 3187 corrigendum
618 3102 739 3183 ἀεικῶς
760 3106 920 3186 (turpiter,
950 3103 1068 3190 foede);
1096 3101 1199 3182 αἰκῶς
1219 3105 1268 3168 El
1292 3105 1356 3167 102
1378 3106 1427 3168 de

179 3224 341 3298 provatum
362 3219 395 3281 in
416 3215 556 3296 ἀδίκως,
589 3219 630 3281 ib.
652 3218 715 3281 206
745 3217 819 3280 libri
841 3215 959 3291 ἀῖκεῖς.
974 3239 1030 3298 pro
1059 3213 1177 3297 αἰκεῖς,
1212 3218 1274 3280 216
1305 3213 1427 3293 ἀεικῶς

179 3351 234 3410 pro
264 3328 366 3405 αἰκῶς
400 3333 522 3394 habent.
565 3331 628 3394 Ofr.
650 3331 783 3410 Hesyoh.
805 3323 941 3406 ἀεικῶς·
973 3321 1151 3414 ἀπρεπῶς·
1189 3329 1353 3409 χαλεπῶς.
1385 3367 1426 3377 -

182 3437 218 3504 ο.
243 3439 277 3505 o.
297 3442 362 3504 570
383 3443 417 3504 a
437 3443 527 3505 noes
548 3443 665 3522 legitur
686 3431 798 3528 βραχέ’
821 3436 896 3522 ἐμοι
921 3440 1057 3507 earnem
1080 3429 1219 3526 φράσαι.
1253 3443 1427 3505 ramanae

178 3553 246 3617 loco
268 3552 318 3638 (4,
340 3554 396 3631 29,
412 3542 450 3635 Ι2)
473 3552 632 3616 defendere
660 3552 800 3615 dativum
828 3573 890 3615 uon
916 3551 998 3616 licet
1042 3552 1115 3616 Sine
1145 3552 1236 3616 dubio
1265 3553 1427 3634 legendum

179 3660 291 3754 βραχέ’
312 3657 362 3747 ἔμ’
385 3661 553 3732 ἐνδεῖσθαι
578 3657 765 3754 φράσαι.-
783 3664 893 3729 itaet
905 3662 970 3729 188
991 3666 1148 3752 βουθερεῖ
1169 3686 1245 3728 sana
1265 3666 1387 3730 ratione
1409 3688 1428 3729 a

179 3773 279 3866 θέρος
311 3777 382 3841 duci
410 3797 472 3842 non
500 3780 618 3858 potest;
649 3777 705 3840 alii
734 3777 816 3840 enim
847 3777 1032 3841 scholiastae
1053 3778 1337 3859 interpretationem
1359 3768 1427 3844 ἀπό

178 3890 268 3972 βοῶν
291 3886 494 3978 θεριζομένῳ
516 3893 585 3964 τοῖς
606 3882 733 3968 ὀδοῦσι,
755 3886 902 3956 τουτέστι
918 3890 999 3972 βοῦς
1016 3887 1181 3978 τρέφοντι,
1204 3892 1260 3954 alii
1275 3892 1428 3974 Hesychii

178 4004 351 4088 βουθερεῖ·
381 3997 416 4065 ἐν
441 3991 470 4086 ᾧ
491 3988 569 4081 βόες
594 3998 711 4088 θέρους
735 3992 806 4091 ῶρῳ
828 3997 994 4083 νέμονται·
1023 3999 1080 4065 καὶ
1101 3991 1261 4090 βουθόρῳ
1284 3993 1322 4070 τό
1346 3997 1426 4071 αὑτό

127 4139 145 4155 2
178 4113 317 4197 probant.
361 4113 450 4188 Quod
472 4118 573 4176 autem
595 4113 769 4193 Hesychius
792 4113 879 4176 addit
900 4101 1075 4200 βουθόρῳ,
1105 4114 1139 4177 id
1166 4116 1296 4178 maxime
1319 4122 1427 4198 aptum

179 4230 210 4288 et
231 4225 435 4306 recipiendum
457 4226 549 4302 duco,
584 4226 742 4290 dummodo
764 4231 887 4307 etymon
908 4228 997 4290 verbi
1025 4247 1088 4289 non
1111 4223 1227 4314 θέρος,
1263 4227 1317 4290 sed
1346 4230 1427 4309 quod

178 4360 271 4402 uuum
290 4339 381 4420 lieet,
405 4329 500 4426 θόρον
523 4343 659 4415 statuas,
682 4324 721 4400 ut
737 4327 894 4428 βουθόρῳ
916 4338 1049 4420 λειμῶνι
1071 4341 1162 4420 plane
1180 4340 1284 4402 eadem
1305 4342 1427 4404 ratione

178 4451 294 4514 dictum
308 4449 360 4529 sit,
382 4471 442 4533 que
454 4450 584 4514 Atreo
602 4447 778 4538 ῖππομανῆ
792 4449 938 4534 λειμῶνα
957 4442 1027 4540 (ἐφ’
1040 4441 1071 4516 ῶ
1085 4448 1118 4517 οῖ
1132 4449 1237 4518 ῖπποι
1250 4449 1427 4534 μαίνονται
