2956 4934
784 266 827 332 68

700 373 905 388 ᾺΛΛΛΛΛΛΛΛΝΜὋΨ

266 504 326 569 His
347 505 439 566 rebus
462 503 596 582 cognitis
617 503 681 565 iam
702 504 837 566 iudicare
865 505 940 566 licet
968 505 1070 586 apud
1093 506 1332 585 Sophoclem
1361 527 1430 569 nos

180 616 270 680 huic
299 616 524 680 emendandi
555 616 689 695 generi
719 617 993 695 supersedere.
1036 618 1238 692 Quamobrem
1266 619 1361 680 etiam
1388 619 1429 694 id,

181 729 262 809 quod
284 729 472 811 aliquamdiu
493 731 652 810 putabam,
684 726 721 793 0.
746 727 780 792 0.
804 728 889 791 1536
896 728 1032 792 -1538
1062 731 1184 794 inverso
1206 731 1312 793 ordine
1336 731 1430 792 1538.

181 841 274 903 1536.
295 843 378 903 1537
398 841 543 922 legendos
565 862 651 917 asse,
671 861 751 903 nunc
773 862 880 921 parum
902 841 1059 920 probabile
1080 842 1209 906 videtur.
1235 879 1272 888 -

264 999 423 1061 Postremo
445 1018 537 1060 unum
564 999 681 1074 locum,
716 1019 774 1078 quo
797 999 892 1059 verba
920 1003 1118 1077 transponere
1144 1000 1268 1076 volunt,
1302 1022 1429 1063 comme·

178 1131 262 1174 moro
284 1111 364 1172 alius
386 1111 432 1172 rei
454 1129 558 1186 causa,
581 1108 617 1178 0.
638 1108 670 1170 0.
694 1109 765 1170 664.
798 1111 968 1172 Porsonum
990 1111 1070 1172 enim
1093 1113 1273 1174 observasse
1295 1117 1427 1189 constat,

176 1208 297 1287 veteres
319 1223 456 1302 tragicos
477 1223 531 1284 ubi
554 1221 708 1283 senarium
739 1222 853 1285 cretico
884 1223 1119 1287 terminaverint
1149 1229 1181 1285 et
1208 1226 1336 1288 verbum
1365 1246 1428 1288 non

66 1346 70 1354 '
177 1336 421 1416 monosyllabum
448 1334 665 1415 praecesserit,
697 1335 810 1414 ubique
845 1337 909 1397 fere
936 1338 1111 1399 trochaeum
1141 1342 1284 1417 quartum
1317 1359 1427 1419 purum

177 1442 388 1527 servavisse(
387 1471 646 1502 -----
646 1449 661 1526 )
662 1493 669 1508 .
701 1447 767 1509 Ηοο
792 1453 953 1529 praecepto
979 1454 1146 1513 commotus
1165 1450 1342 1513 Dindorfius
1370 1451 1427 1512 illo

133 1598 135 1605 ν
175 1562 244 1623 loco
265 1579 321 1640 pro
343 1549 442 1626 adrev
462 1558 521 1645 τῆς
541 1553 624 1644 ἐμῆς
646 1559 774 1639 scripsit
795 1549 855 1625 adv
876 1554 957 1645 ἐμῆς
979 1553 1054 1626 ἄνευ
1076 1561 1185 1623 melius
1199 1563 1348 1639 Dobraeo,
1372 1564 1427 1642 qni

176 1693 244 1735 cum
266 1671 420 1753 particula
434 1670 610 1733 Heathiana
631 1661 691 1736 κᾶν
713 1661 789 1737 ἄνευ
808 1663 835 1757 γ’
858 1666 939 1757 ἐμῆς
959 1674 1127 1753 proposuit.
1161 1673 1318 1736 Nauckius
1340 1695 1426 1753 prac-

176 1785 238 1846 fert
259 1776 319 1848 adv
341 1775 416 1850 (ivea
446 1779 475 1847 o'
497 1778 586 1869 ἐμῆς.
631 1783 691 1845 Sed
720 1783 801 1844 nihil
828 1784 1020 1860 mutandum,
1055 1785 1118 1847 aha
1147 1787 1226 1848 anim
1255 1787 1337 1849 ratio
1367 1792 1425 1850 est.

178 1897 370 1960 Hermannus
392 1898 440 1958 El.
462 1897 567 1959 Doctr.
589 1896 678 1957 Matr.
705 1916 733 1974 p.
758 1895 821 1956 114
844 1896 912 1975 (cfr.
941 1897 980 1958 ad
1003 1898 1083 1959 Phil.
1107 1898 1173 1979 22)·
1187 1899 1304 1976 docuit,
1338 1920 1425 1980 prae·

177 2028 285 2090 gressa
303 2010 393 2088 paulo
410 2012 482 2070 ante
502 2007 747 2086 interpunctione
765 2011 847 2070 recte
866 2027 898 2070 se
915 2008 1026 2071 habere
1040 2009 1128 2071 illum
1144 2010 1280 2072 trimetri
1297 2012 1424 2074 exitum.

174 2121 245 2184 Non
273 2121 373 2182 minus
403 2124 505 2182 autem
534 2119 779 2197 interpunctione
811 2121 914 2184 valera
942 2120 975 2182 in
1012 2123 1069 2183 hac
1098 2143 1131 2184 re
1160 2127 1235 2202 puto
1269 2123 1424 2186 diaeresin

176 2233 459 2314 hephthemimerin,
478 2236 517 2292 ‘nt
539 2251 600 2293 non
615 2232 715 2311 magis
730 2232 850 2294 laboret
864 2253 984 2296 versus:
1008 2236 1147 2318 θαρσεῖν
1160 2233 1219 2316 μὲν
1234 2226 1288 2302 οὖν
1304 2230 1417 2324 ἔγωγεΙ

175 2335 271 2410 κᾶνευ
292 2344 351 2429 τῆς
372 2337 453 2427 ἐμῆς
475 2362 565 2420 quam
585 2341 667 2403 Phil.
690 2342 731 2403 22
761 2333 784 2406 ἅ
808 2364 867 2423 μοι
893 2336 1090 2428 προσελθών
1113 2349 1189 2430 σῖγα
1210 2335 1342 2433 σήμαιν’
1363 2345 1424 2413 e‘c'c‘

176 2448 254 2535 ἔχει.
298 2454 374 2517 Inde
400 2455 499 2534 igitur
525 2454 620 2516 etiam
648 2475 677 2515 v.
705 2453 889 2534 Euripideus
913 2445 1035 2529 ’Ἁιλοις
1063 2448 1080 2521 ὁ
1109 2453 1274 2537 χαλκέοισι
1302 2446 1423 2533 νοιίοις

176 2557 312 2656 οὐρανόν
333 2569 412 2648 (Ion.
436 2569 470 2646 1)
493 2567 718 2630 excusationem
740 2568 846 2645 habet,
875 2589 937 2631 non
957 2569 1037 2631 unde
1058 2569 1229 2632 arbitratur
1249 2571 1421 2634 Meinekius

175 2679 280 2760 (Anal.
303 2680 394 2761 Soph.
418 2680 457 2741 ad
478 2680 558 2742 Phil
580 2681 600 2742 l.
623 2672 665 2760 1.)ss
690 2717 729 2729 -

397 2877 399 2881 ⁷
451 2897 534 2969 XV.
567 2899 815 2969 Personarum
838 2901 949 2968 notae
971 2899 1141 3008 vitiatae.

258 3066 462 3129 Personarum
484 3071 575 3127 notae
597 3086 687 3147 saepe
709 3069 852 3130 turbatae
874 3073 962 3145 sunt,
984 3089 1046 3132 non
1067 3090 1137 3132 raro
1160 3069 1306 3146 omissae,
1328 3091 1421 3152 saepe

173 3177 278 3241 falsae.
323 3177 425 3241 Causa
454 3178 627 3242 ostenditur
656 3179 853 3243 adnotatione
882 3181 1035 3244 Dindurfii
1065 3183 1104 3244 ad
1127 3182 1161 3244 Ο.
1184 3183 1218 3245 O.
1240 3183 1304 3245 837
1329 3185 1421 3264 „Per-

173 3309 316 3353 sonarum
337 3292 462 3354 nomina
483 3311 537 3371 per
558 3296 657 3354 totam
678 3293 814 3354 fabulam
837 3313 855 3354 a
877 3314 914 3353 m.
936 3293 1068 3356 secunda
1090 3300 1162 3356 sunt
1179 3296 1350 3358 substituta
1363 3317 1420 3377 pro

171 3401 310 3479 lineolis,
334 3404 444 3482 quibus
465 3404 565 3484 prima
585 3425 693 3466 manus
709 3425 907 3482 personarum
916 3405 1000 3468 vices
1016 3407 1241 3486 indicaverat“;
1265 3410 1320 3472 cfr.
1334 3411 1419 3473 1679

173 3509 251 3600 „oiyy
271 3516 439 3595 praefixum
461 3535 480 3577 a
501 3536 539 3576 m.
561 3535 634 3590 sec,
656 3515 769 3578 lineola
791 3535 810 3576 a
831 3537 869 3577 m.
891 3519 957 3598 pr.“
981 3519 1144 3581 cum1683
1169 3511 1230 3602 „dr
1250 3521 1421 3601 praefixum

172 3645 191 3687 a
212 3646 250 3718 m.
273 3645 348 3700 sac,
376 3626 490 3689 lineola
511 3646 531 3688 a
551 3647 589 3687 m.
611 3626 694 3706 pr.“,
723 3627 866 3690 nimirum
894 3635 1021 3708 propter
1052 3632 1232 3694 femininum
1261 3621 1416 3715 τάλαινας

174 3736 258 3798 1096
283 3731 382 3817 ,ἔπιχ
393 3737 623 3818 praescriptum,
645 3744 820 3819 corruptum
838 3761 875 3803 cx
889 3733 936 3806 ἔτι
949 3729 1054 3832 χορός,
1076 3743 1233 3822 significat
1243 3745 1421 3809 continuari

170 3847 258 3921 chori
279 3849 380 3926 verba,
403 3849 464 3912 etsi
486 3869 505 3910 a
526 3850 660 3921 carmine
681 3851 789 3915 melico
811 3854 963 3917 transitus
986 3855 1041 3916 fiat
1063 3854 1102 3916 ad
1123 3856 1325 3920 diverbium“.
1347 3893 1391 3906 ·-

262 4004 372 4073 Procli.
393 4002 459 4069 383
482 4007 558 4086 „Xo
581 4007 757 4069 omissum“.
799 4006 934 4071 Anium
956 4015 1029 4072 sunt
1049 4012 1144 4074 verba
1164 4011 1353 4076 Deianirae?
1379 4051 1416 4062 -

216 4252 219 4259 Ι
255 4158 361 4242 Frym.
383 4157 427 4224 58
449 4160 507 4224 duo
528 4181 636 4225 versus
657 4181 719 4225 non
741 4161 874 4226 eiusdem
895 4170 979 4227 sunt:

376 4323 421 4382 A.
443 4315 511 4400 βοᾷ
532 4335 598 4390 τις·
620 4305 649 4380 oi
670 4308 817 4384 ἀκούετ’·
842 4311 863 4404 ἢ
884 4308 990 4407 μάτην
1011 4313 1156 4406 ὑλακτῶ;

373 4433 415 4498 B·
437 4417 570 4496 ἅπαντα
591 4417 653 4518 γάρ
674 4451 727 4496 τοι
748 4430 796 4515 roi
818 4429 1011 4520 φοβουμένῳ
1035 4440 1154 4522 ψοφεῖ.
1180 4471 1217 4484 -
