2956 4934
667 289 708 353 33

580 393 786 410 mmmm

144 526 192 593 lc.
214 525 299 592 1453
328 525 404 594 ἐπεὶ
432 533 608 609 corruptum
637 533 686 591 est
714 551 752 591 ex
780 524 923 608 ἐπέχων,
955 533 992 590 nt
1025 527 1110 592 1744
1131 527 1305 596 Wunderus

54 641 207 704 librorum
228 641 412 721 scriptorem
427 635 501 706 inei
523 640 697 704 emendavit
718 640 752 702 in
768 634 886 720 ἐπεῖχε,
909 643 989 720 [χιον
1006 642 1123 705 excidit
1139 647 1210 704 ente
1223 638 1264 723 μδ
1282 645 1305 722 ).

57 753 212 834 Opposita
233 758 306 816 sunt
327 749 467 833 ἐπέχειν,
488 772 639 829 coercere,
661 751 774 815 moreni
791 755 823 814 et
839 741 947 832 αὔξειν
965 772 1148 832 promovere.
1169 756 1305 834 Respon-

56 865 132 928 dent
147 866 256 928 'entem
276 867 373 930 verbe
390 859 462 952 ὁρᾷ
485 856 514 930 δ’
537 855 601 952 ὁρᾷ
621 865 681 945 (sic
702 863 856 944 Bergkius
884 885 939 944 pro
962 854 1024 949 ὁρᾷ
1046 857 1122 951 ὁρᾷ)
1142 858 1231 931 ταῦτ’
1254 858 1305 933 ἀεὶ

56 966 183 1065 χρόνος,
205 973 333 1059 ἐπέχων
353 973 414 1059 μὲν
430 973 529 1065 ἕτερα
550 978 654 1040 verbis
677 977 799 1039 antistr.
823 973 907 1038 1468
920 996 965 1055 sq.
987 974 1020 1040 σι’
1037 965 1103 1057 μάν
1121 973 1306 1056 καθέξει-

57 1091 103 1152 sic
126 1091 210 1152 enim
231 1091 364 1152 scribere
380 1090 472 1153 velim
494 1111 549 1168 pro
566 1077 687 1176 ἀφήσει
711 1091 750 1159 cl
759 1089 882 1151 Ε1502
902 1108 947 1169 sq.
969 1084 999 1153 si
1020 1082 1066 1173 μᾷ
1087 1080 1164 1154 τόδε
1185 1081 1306 1174 φάσμα

57 1195 171 1276 rende
191 1192 228 1268 εὖ
253 1194 448 1286 κατασχήσει
472 1238 517 1249 -
537 1199 649 1278 τέλος·
680 1189 791 1266 δέδια·
822 1193 889 1267 τόδ’
912 1195 949 1268 οὐ
971 1193 1033 1290 χδρ
1055 1192 1149 1267 ἅλιον
1173 1236 1213 1246 -
1236 1220 1306 1261 nem

56 1317 143 1379 nullo
172 1315 259 1378 modo
288 1303 356 1380 τόδ’
380 1314 417 1377 de
439 1313 630 1376 Tricliniene
658 1315 834 1377 coniectura
864 1315 898 1376 in
919 1307 949 1379 δ’
971 1315 1086 1376 mutari
1114 1314 1216 1390 debet,
1253 1313 1307 1376 sed

58 1435 132 1493 ente
152 1416 223 1494 τόδ’
245 1427 425 1491 intercisum
446 1426 528 1506 poni.
551 1461 594 1473 —-

144 1541 197 1606 ΕΙ.
233 1538 319 1604 1421
350 1539 488 1619 plerique
521 1537 559 1600 de
581 1538 723 1600 Elmeleii
755 1539 931 1602 coniectura
964 1541 1089 1622 κυρεῖτε
1119 1541 1306 1618 receperunt,

60 1653 139 1734 quod
168 1651 347 1733 reprobavit
369 1651 557 1727 Meinekius3
595 1645 726 1726 aliiue,
755 1643 827 1714 τάδ’
850 1645 902 1730 ἐν,
929 1635 972 1714 τᾷ
992 1641 1019 1734 γ’
1043 1646 1077 1712 ἐν
1098 1650 1306 1726 coniecerunt3

59 1767 161 1830 nescio
184 1785 225 1827 en
245 1737 450 1827 scribendum⁸
459 1764 503 1824 sit
524 1762 598 1836 παῖς
620 1765 723 1850 κυρεῖ,·
748 1753 825 1848 λέγ’·
850 1755 970 1827 ΟΡ..ἐν
986 1753 1119 1841 δόμοισι
1131 1757 1305 1840 μὲν-.-

150 1877 261 1941 lloolo.
278 1876 343 1939 214
372 1881 445 1957 post
471 1867 633 1962 Ὀρτυγίαν
662 1873 856 1937 intercidisse
885 1873 1008 1936 videtur
1034 1864 1093 1936 τὸν
1116 1872 1306 1950 (Dindorfins

61 1979 144 2057 θεόν
167 1988 308 2068 eddidit).
333 2022 375 2035 -
506 2023 509 2031 ·

145 2101 191 2165 lb.
204 2098 270 2164 854
292 2100 411 2163 addidit
429 2099 604 2164 Wunderus
622 2090 726 2184 Ζρνὸς
747 2086 851 2186 κόρον,
874 2097 1050 2187 Diodorfins
1072 2089 1175 2180 Ζηνὸς
1196 2089 1307 2180 κὲλιυρ

62 2213 162 2276 deleto
188 2202 388 2300 Ἡρακλέους,
421 2233 512 2292 quum
542 2210 690 2283 eiusmodi
717 2211 842 2273 verbum
873 2208 1024 2271 excidisse
1059 2208 1227 2290 putandum
1257 2208 1307 2284 sit,

62 2326 147 2388 cuins
171 2325 323 2405 glossema
345 2324 556 2405 genetivus
578 2315 770 2408 Ἡρακλέους
791 2322 888 2384 fnisse
916 2327 1028 2400 potest.
1071 2321 1109 2383 Id
1130 2341 1239 2385 nomen
1260 2328 1309 2383 est

62 2434 157 2521 βίον,
186 2437 261 2518 qnid
282 2442 354 2499 onte
376 2432 454 2517 βίαν
477 2436 521 2497 sit
542 2434 711 2497 addendum
732 2434 850 2511 nescio3
872 2434 1010 2513 cogitavi
1025 2432 1062 2495 de
1081 2432 1214 2498 πολλῶν
1223 2436 1309 2513 (post

62 2542 180 2631 οὔπω),
204 2549 241 2611 de
262 2537 400 2637 τᾷνδρὸς
421 2538 529 2630 (odom
551 2537 690 2632 τὸνδρδς
712 2542 792 2626 βίαν
813 2533 1028 2632 ἀχακλειτὸν).
1060 2581 1101 2592 -

145 2660 226 2725 Phil.
249 2660 314 2723 956
345 2661 444 2725 forme
472 2651 612 2740 τοισίδ’,
647 2657 719 2738 qnia
745 2658 802 2720 hoc
832 2677 892 2719 nno
922 2658 988 2720 loco
1018 2658 1098 2737 apud
1128 2657 1308 2738 Sophoclem

61 2773 227 2854 reperitur,
267 2793 329 2836 non
363 2771 485 2836 ferenda
513 2771 651 2848 videtnr3
688 2770 880 2832 scribendum
917 2761 1019 2834 τοῖσδ’
1053 2762 1113 2849 ἔτ’,·
1154 2789 1225 2831 nsm
1258 2764 1308 2836 ἔτι

57 2885 200 2967 requiris·
222 2919 265 2932 .-

146 2997 226 3062 Pur.
250 2996 335 3060 1003
364 2985 548 3079 (ξυλλόβοτ
572 2989 683 3076 αὐτόν)
705 3000 776 3057 onte
798 2981 895 3060 αὐτόν
924 2993 1118 3057 intercidisse
1148 2986 1198 3084 ἄρ’
1226 3000 1308 3075 puto.

61 3110 139 3172 Nom
161 3111 219 3173 hoc
241 3099 308 3194 ἄρα
330 3109 359 3171 ei
381 3108 538 3184 convenit,
562 3109 621 3187 qui·
636 3107 670 3168 in
687 3127 797 3186 magno
818 3107 993 3168 discrimine
1014 3105 1047 3167 id
1063 3106 1194 3168 femnlos
1216 3105 1310 3181 iubet,

19 3275 23 3280 .
63 3222 141 3302 quod
163 3223 246 3284 ultro
267 3223 339 3285 illos
361 3224 462 3284 facere
483 3222 570 3283 decet
592 3219 720 3300 („qnin
742 3218 986 3298 comprehendite
1007 3221 1117 3297 enm“).
1135 3253 1177 3263 -

146 3335 253 3398 Etiam
278 3332 313 3398 0.
332 3333 370 3397 R.
387 3355 415 3397 o.
430 3333 495 3396 976
516 3354 578 3396 non
598 3331 841 3412 transpositione
862 3331 1078 3395 vocabulorum
1099 3329 1310 3394 restituendus

62 3446 199 3522 videtur,
222 3446 276 3508 sed
297 3445 456 3508 inserendo
478 3465 513 3508 eo
535 3445 701 3520 vocabulo,
724 3443 804 3524 quod
825 3443 980 3506 desideres
1003 3435 1071 3508 ἔτιτ
1098 3439 1153 3506 καὶ
1177 3439 1252 3514 πῶς
1273 3433 1311 3506 nd

63 3548 186 3645 μητρός
207 3553 300 3637 λέχος
322 3548 365 3622 ἔτ’
388 3549 447 3622 οὐκ
469 3548 570 3623 ὀκνεῖν
591 3577 634 3638 με
657 3557 722 3636 δεῖ,

446 3749 503 3820 IX
525 3768 560 3821 n.
594 3747 746 3820 Literoe
767 3749 930 3822 edditee.
990 3842 995 3855 .

148 3893 195 3956 Ut
216 3892 253 3954 de
275 3876 411 3968 omissis,
439 3892 487 3953 ite
513 3912 552 3954 ne
574 3891 611 3954 de
633 3891 748 3954 additis
771 3892 891 3971 quidem
920 3892 1023 3954 literis
1046 3891 1210 3972 quidquem
1231 3909 1309 3954 com·

64 4005 272 4069 mune‘stntni
292 4009 405 4086 potest.
446 4006 550 4066 Peuce
568 4005 672 4068 adiero
694 4026 732 4067 ex
753 4003 825 4067 Oed.
847 4006 899 4067 R.:
922 3996 986 4070 ἔστ’
1008 4027 1063 4086 pro
1087 3998 1130 4070 ἔτ’
1154 4005 1219 4066 814
1240 4004 1309 4083 (cfr.

64 4119 191 4181 EL175
214 4112 264 4184 ἔτι
285 4139 304 4179 n
325 4138 364 4179 m.
387 4117 516 4197 entique
537 4116 572 4179 in
593 4111 665 4182 iim
687 4120 859 4196 mutatum),
880 4109 907 4204 χ’
920 4113 1079 4200 ἐσθαῦμα
1100 4139 1129 4198 p.
1146 4140 1180 4205 ys
1192 4117 1311 4198 θαῦμα

66 4232 158 4307 1132,
180 4226 238 4312 ἐμὲ
259 4251 316 4311 pro
337 4251 379 4312 με
393 4230 486 4304 1323,
510 4219 617 4308 ἄχθος
639 4250 668 4310 p.
691 4219 772 4309 α’ἶχος
795 4231 887 4305 1355,
911 4220 1031 4303 ἄθλιος
1052 4252 1081 4311 p.
1101 4224 1205 4302 ἄθεος
1218 4230 1311 4304 1360,

65 4339 141 4409 ‘iude
168 4363 255 4406 eroso
277 4364 298 4409 σ
319 4364 349 4423 p.
374 4340 431 4408 ἰ’θι
455 4341 538 4403 1515
560 4343 686 4421 (Trech.
708 4344 758 4406 69.
781 4343 845 4404 825
875 4334 1013 4431 δι’ρστρον
1032 4364 1063 4424 p.
1086 4335 1216 4430 ᾷρυιον,
1238 4343 1310 4419 886,

66 4455 173 4537 oropo?
195 4476 224 4537 p.
244 4455 342 4540 τομᾷ,
367 4455 451 4516 1159
474 4442 672 4543 πρόσφατον
694 4476 723 4536 p.
745 4443 961 4542 πρόφαντον).
1333 4500 1392 4662 f

116 4582 277 4636 Wecklein,
290 4594 327 4625 srs
340 4582 407 4634 δορὴ.
421 4581 509 4624 emend.
1106 4570 1122 4619 3
