<?xml version="1.0" encoding="UTF-8"?>
<!DOCTYPE html PUBLIC "-//W3C//DTD XHTML 1.0 Transitional//EN"
    "http://www.w3.org/TR/xhtml1/DTD/xhtml1-transitional.dtd">
<html xmlns="http://www.w3.org/1999/xhtml" xml:lang="en" lang="en">
 <head>
  <title>
</title>
<meta http-equiv="Content-Type" content="text/html;charset=utf-8" />
  <meta name='ocr-system' content='tesseract 3.04.00' />
  <meta name='ocr-capabilities' content='ocr_page ocr_carea ocr_par ocr_line ocrx_word'/>
</head>
<body>
  <div class='ocr_page' id='page_1' title='image "arssophocliseme00weckgoog_0091.png"; bbox 0 0 2956 4934; ppageno 0'>
   <div class='ocr_carea' id='block_1_1' title="bbox 162 509 1412 1175">
    <p class='ocr_par' dir='ltr' id='par_1_1' title="bbox 162 509 1412 1175">
     <span class='ocr_line' id='line_1_1' title="bbox 253 509 1412 611; baseline -0.002 -21"><span class='ocrx_word' id='word_1_1' title='bbox 253 527 363 591; x_wconf 84' lang='grc' dir='ltr'><strong><em>Τνασλ.</em></strong></span> <span class='ocrx_word' id='word_1_2' title='bbox 377 525 442 591; x_wconf 79' lang='grc'>549</span> <span class='ocrx_word' id='word_1_3' title='bbox 463 516 676 611; x_wconf 75' lang='grc' dir='ltr'><strong><em>όπικτρὲπειυ</em></strong></span> <span class='ocrx_word' id='word_1_4' title='bbox 699 509 791 589; x_wconf 90' lang='grc' dir='ltr'><strong><em>πόδα</em></strong></span> <span class='ocrx_word' id='word_1_5' title='bbox 815 525 868 608; x_wconf 88' lang='lat'>(=</span> <span class='ocrx_word' id='word_1_6' title='bbox 888 513 1114 610; x_wconf 74' lang='grc' dir='ltr'><strong><em>όπεκφεόχειν)</em></strong></span> <span class='ocrx_word' id='word_1_7' title='bbox 1136 545 1198 588; x_wconf 86' lang='lat' dir='ltr'>non</span> <span class='ocrx_word' id='word_1_8' title='bbox 1219 524 1320 587; x_wconf 85' lang='lat' dir='ltr'>minus</span> <span class='ocrx_word' id='word_1_9' title='bbox 1342 547 1412 588; x_wconf 87' lang='lat' dir='ltr'>cum</span> 
     </span>
     <span class='ocr_line' id='line_1_2' title="bbox 162 625 1412 723; baseline -0.006 -19"><span class='ocrx_word' id='word_1_10' title='bbox 162 639 338 704; x_wconf 83' lang='lat' dir='ltr'>accusativo</span> <span class='ocrx_word' id='word_1_11' title='bbox 360 638 505 718; x_wconf 85' lang='lat' dir='ltr'>coniungi</span> <span class='ocrx_word' id='word_1_12' title='bbox 527 637 635 699; x_wconf 86' lang='lat' dir='ltr'>debere</span> <span class='ocrx_word' id='word_1_13' title='bbox 658 636 801 699; x_wconf 85' lang='lat' dir='ltr'>existima</span> <span class='ocrx_word' id='word_1_14' title='bbox 814 657 905 716; x_wconf 86' lang='lat' dir='ltr'>quam</span> <span class='ocrx_word' id='word_1_15' title='bbox 920 625 1188 723; x_wconf 74' lang='grc' dir='ltr'><strong><em>όπεκτρὲπεσθαι</em></strong></span> <span class='ocrx_word' id='word_1_16' title='bbox 1201 637 1277 700; x_wconf 85' lang='grc'><em>00.</em></span> <span class='ocrx_word' id='word_1_17' title='bbox 1291 638 1355 700; x_wconf 84' lang='grc'>666</span> <span class='ocrx_word' id='word_1_18' title='bbox 1367 660 1412 719; x_wconf 81' lang='lat' dir='ltr'>sq.</span> 
     </span>
     <span class='ocr_line' id='line_1_3' title="bbox 162 736 1412 838; baseline -0.005 -21"><span class='ocrx_word' id='word_1_19' title='bbox 162 748 317 833; x_wconf 76' lang='grc' dir='ltr'><strong><em>ξένον-</em></strong></span> <span class='ocrx_word' id='word_1_20' title='bbox 340 743 593 838; x_wconf 78' lang='grc' dir='ltr'><strong><em>ὑπεκραπσίμην</em></strong></span> <span class='ocrx_word' id='word_1_21' title='bbox 616 744 662 835; x_wconf 75' lang='grc' dir='ltr'>μή</span> <span class='ocrx_word' id='word_1_22' title='bbox 684 740 724 813; x_wconf 80' lang='grc' dir='ltr'>οὐ</span> <span class='ocrx_word' id='word_1_23' title='bbox 746 736 968 832; x_wconf 77' lang='grc' dir='ltr'><strong><em>ουνειισῲζειν.</em></strong></span> <span class='ocrx_word' id='word_1_24' title='bbox 1014 749 1091 812; x_wconf 83' lang='lat' dir='ltr'>Cum</span> <span class='ocrx_word' id='word_1_25' title='bbox 1119 740 1166 816; x_wconf 80' lang='grc' dir='ltr'>ὦν</span> <span class='ocrx_word' id='word_1_26' title='bbox 1195 739 1412 836; x_wconf 73' lang='grc' dir='ltr'><strong><em>ἀφαρπάζειν</em></strong></span> 
     </span>
     <span class='ocr_line' id='line_1_4' title="bbox 162 837 1411 948; baseline -0.002 -21"><span class='ocrx_word' id='word_1_27' title='bbox 162 865 196 945; x_wconf 81' lang='lat' dir='ltr'>(i</span> <span class='ocrx_word' id='word_1_28' title='bbox 219 885 243 926; x_wconf 90' lang='lat' dir='ltr'>e.</span> <span class='ocrx_word' id='word_1_29' title='bbox 266 855 311 928; x_wconf 83' lang='grc' dir='ltr'>ὦν</span> <span class='ocrx_word' id='word_1_30' title='bbox 331 837 471 948; x_wconf 44' lang='lat' dir='ltr'>cispio</span> <span class='ocrx_word' id='word_1_31' title='bbox 495 854 571 948; x_wconf 80' lang='grc' dir='ltr'><strong><em>υἷφ.)</em></strong></span> <span class='ocrx_word' id='word_1_32' title='bbox 594 897 635 909; x_wconf 91' lang='grc'><strong>-</strong></span> <span class='ocrx_word' id='word_1_33' title='bbox 658 853 714 948; x_wconf 72' lang='grc' dir='ltr'>τὴν</span> <span class='ocrx_word' id='word_1_34' title='bbox 737 858 766 926; x_wconf 81' lang='grc' dir='ltr'>δ’</span> <span class='ocrx_word' id='word_1_35' title='bbox 788 854 984 946; x_wconf 59' lang='lat' dir='ltr'>insumens</span> <span class='ocrx_word' id='word_1_36' title='bbox 1015 854 1105 927; x_wconf 94' lang='grc' dir='ltr'><strong><em>πόδα</em></strong></span> <span class='ocrx_word' id='word_1_37' title='bbox 1133 866 1201 940; x_wconf 85' lang='lat' dir='ltr'>(aut</span> <span class='ocrx_word' id='word_1_38' title='bbox 1227 863 1256 924; x_wconf 86' lang='lat' dir='ltr'>si</span> <span class='ocrx_word' id='word_1_39' title='bbox 1289 883 1411 926; x_wconf 86' lang='lat' dir='ltr'>accusa-</span> 
     </span>
     <span class='ocr_line' id='line_1_5' title="bbox 162 965 1409 1060; baseline 0.001 -22"><span class='ocrx_word' id='word_1_40' title='bbox 162 977 262 1039; x_wconf 84' lang='lat' dir='ltr'>tivum</span> <span class='ocrx_word' id='word_1_41' title='bbox 289 997 351 1039; x_wconf 85' lang='lat' dir='ltr'>non</span> <span class='ocrx_word' id='word_1_42' title='bbox 379 975 540 1050; x_wconf 81' lang='lat' dir='ltr'><strong>concedas,</strong></span> <span class='ocrx_word' id='word_1_43' title='bbox 569 973 627 1060; x_wconf 80' lang='grc' dir='ltr'>τῆς</span> <span class='ocrx_word' id='word_1_44' title='bbox 649 967 678 1038; x_wconf 81' lang='grc' dir='ltr'>δ’</span> <span class='ocrx_word' id='word_1_45' title='bbox 699 966 756 1038; x_wconf 81' lang='grc' dir='ltr'>ὑπ.</span> <span class='ocrx_word' id='word_1_46' title='bbox 780 976 833 1051; x_wconf 82' lang='grc' dir='ltr'>π.)</span> <span class='ocrx_word' id='word_1_47' title='bbox 866 975 920 1035; x_wconf 87' lang='lat' dir='ltr'>cfr.</span> <span class='ocrx_word' id='word_1_48' title='bbox 950 975 1146 1036; x_wconf 80' lang='lat' dir='ltr'>Trach.117</span> <span class='ocrx_word' id='word_1_49' title='bbox 1177 968 1215 1040; x_wconf 86' lang='grc' dir='ltr'>τό</span> <span class='ocrx_word' id='word_1_50' title='bbox 1242 965 1271 1040; x_wconf 79' lang='grc' dir='ltr'>δ’</span> <span class='ocrx_word' id='word_1_51' title='bbox 1302 968 1409 1057; x_wconf 70' lang='grc' dir='ltr'><strong><em>αὔξεις</em></strong></span> 
     </span>
     <span class='ocr_line' id='line_1_6' title="bbox 164 1084 1300 1175; baseline -0.002 -25"><span class='ocrx_word' id='word_1_52' title='bbox 164 1089 227 1151; x_wconf 82' lang='grc'><em>136</em></span> <span class='ocrx_word' id='word_1_53' title='bbox 249 1087 298 1170; x_wconf 76' lang='grc' dir='ltr'>τῷ</span> <span class='ocrx_word' id='word_1_54' title='bbox 320 1084 350 1153; x_wconf 81' lang='grc' dir='ltr'>δ’</span> <span class='ocrx_word' id='word_1_55' title='bbox 373 1084 546 1175; x_wconf 78' lang='grc' dir='ltr'><strong><em>ἐπέρχεται</em></strong></span> <span class='ocrx_word' id='word_1_56' title='bbox 568 1087 636 1166; x_wconf 81' lang='lat' dir='ltr'>(cfr.</span> <span class='ocrx_word' id='word_1_57' title='bbox 658 1087 699 1148; x_wconf 88' lang='grc' dir='ltr'>Μ.</span> <span class='ocrx_word' id='word_1_58' title='bbox 723 1086 869 1166; x_wconf 80' lang='lat' dir='ltr'>Seyfferti</span> <span class='ocrx_word' id='word_1_59' title='bbox 891 1087 992 1149; x_wconf 87' lang='lat' dir='ltr'>adnot</span> <span class='ocrx_word' id='word_1_60' title='bbox 1015 1087 1054 1148; x_wconf 89' lang='lat' dir='ltr'>ad</span> <span class='ocrx_word' id='word_1_61' title='bbox 1075 1086 1126 1148; x_wconf 82' lang='lat' dir='ltr'>Ai</span> <span class='ocrx_word' id='word_1_62' title='bbox 1149 1087 1235 1166; x_wconf 81' lang='lat'><strong>235).</strong></span> <span class='ocrx_word' id='word_1_63' title='bbox 1260 1123 1300 1134; x_wconf 92' lang='lat'>-</span> 
     </span>
    </p>
   </div>
   <div class='ocr_carea' id='block_1_2' title="bbox 163 1220 1415 1532">
    <p class='ocr_par' dir='ltr' id='par_1_2' title="bbox 163 1220 1415 1532">
     <span class='ocr_line' id='line_1_7' title="bbox 249 1220 1414 1304; baseline -0.002 -16"><span class='ocrx_word' id='word_1_64' title='bbox 249 1225 327 1290; x_wconf 82' lang='grc' dir='ltr'><strong><em>ΡΙιίλ.</em></strong></span> <span class='ocrx_word' id='word_1_65' title='bbox 353 1225 438 1288; x_wconf 94' lang='grc'><em>1220</em></span> <span class='ocrx_word' id='word_1_66' title='bbox 459 1225 620 1287; x_wconf 82' lang='lat' dir='ltr'>molestum</span> <span class='ocrx_word' id='word_1_67' title='bbox 642 1228 691 1285; x_wconf 88' lang='lat' dir='ltr'>est</span> <span class='ocrx_word' id='word_1_68' title='bbox 712 1220 896 1303; x_wconf 76' lang='grc' dir='ltr'><strong><em>στείχοντα,</em></strong></span> <span class='ocrx_word' id='word_1_69' title='bbox 919 1245 1011 1304; x_wconf 88' lang='lat' dir='ltr'>quam</span> <span class='ocrx_word' id='word_1_70' title='bbox 1032 1225 1065 1286; x_wconf 88' lang='lat' dir='ltr'>in</span> <span class='ocrx_word' id='word_1_71' title='bbox 1086 1245 1178 1287; x_wconf 84' lang='lat' dir='ltr'>versu</span> <span class='ocrx_word' id='word_1_72' title='bbox 1201 1225 1253 1304; x_wconf 87' lang='lat' dir='ltr'>qui</span> <span class='ocrx_word' id='word_1_73' title='bbox 1275 1224 1414 1303; x_wconf 84' lang='lat' dir='ltr'>proxime</span> 
     </span>
     <span class='ocr_line' id='line_1_8' title="bbox 164 1330 1415 1417; baseline -0.003 -15"><span class='ocrx_word' id='word_1_74' title='bbox 164 1339 318 1403; x_wconf 75' lang='lat' dir='ltr'>antecedit</span> <span class='ocrx_word' id='word_1_75' title='bbox 341 1334 479 1417; x_wconf 79' lang='grc' dir='ltr'><strong><em>στείχων</em></strong></span> <span class='ocrx_word' id='word_1_76' title='bbox 501 1338 551 1412; x_wconf 88' lang='lat' dir='ltr'>sit,</span> <span class='ocrx_word' id='word_1_77' title='bbox 575 1357 630 1399; x_wconf 87' lang='lat' dir='ltr'>neo</span> <span class='ocrx_word' id='word_1_78' title='bbox 652 1332 772 1415; x_wconf 83' lang='grc' dir='ltr'><strong><em>στείχει</em></strong></span> <span class='ocrx_word' id='word_1_79' title='bbox 784 1335 926 1416; x_wconf 88' lang='lat' dir='ltr'>Oedipus,</span> <span class='ocrx_word' id='word_1_80' title='bbox 950 1336 1003 1398; x_wconf 88' lang='lat' dir='ltr'>sed</span> <span class='ocrx_word' id='word_1_81' title='bbox 1018 1330 1161 1401; x_wconf 68' lang='lat' dir='ltr'>occcidet.</span> <span class='ocrx_word' id='word_1_82' title='bbox 1188 1336 1415 1400; x_wconf 87' lang='lat' dir='ltr'>Recordatione</span> 
     </span>
     <span class='ocr_line' id='line_1_9' title="bbox 163 1437 1413 1532; baseline 0.001 -21"><span class='ocrx_word' id='word_1_83' title='bbox 163 1450 261 1530; x_wconf 82' lang='lat' dir='ltr'>igitur</span> <span class='ocrx_word' id='word_1_84' title='bbox 273 1451 358 1512; x_wconf 86' lang='lat' dir='ltr'>illius</span> <span class='ocrx_word' id='word_1_85' title='bbox 370 1449 457 1513; x_wconf 85' lang='lat' dir='ltr'>verbi</span> <span class='ocrx_word' id='word_1_86' title='bbox 474 1445 645 1528; x_wconf 80' lang='grc' dir='ltr'><strong><em>στείχοντα</em></strong></span> <span class='ocrx_word' id='word_1_87' title='bbox 666 1453 842 1527; x_wconf 86' lang='lat' dir='ltr'>corruptum</span> <span class='ocrx_word' id='word_1_88' title='bbox 854 1453 902 1510; x_wconf 90' lang='lat' dir='ltr'>est</span> <span class='ocrx_word' id='word_1_89' title='bbox 916 1470 953 1510; x_wconf 86' lang='lat' dir='ltr'>ex</span> <span class='ocrx_word' id='word_1_90' title='bbox 970 1441 1149 1532; x_wconf 77' lang='grc' dir='ltr'><strong><em>(Ὀδυσσέα)</em></strong></span> <span class='ocrx_word' id='word_1_91' title='bbox 1164 1437 1358 1514; x_wconf 84' lang='grc' dir='ltr'><strong><em>σπεόδοντα.</em></strong></span> <span class='ocrx_word' id='word_1_92' title='bbox 1374 1484 1413 1494; x_wconf 94' lang='lat'><em>-</em></span> 
     </span>
    </p>
   </div>
   <div class='ocr_carea' id='block_1_3' title="bbox 163 1575 1416 2487">
    <p class='ocr_par' dir='ltr' id='par_1_3' title="bbox 165 1575 1416 1786">
     <span class='ocr_line' id='line_1_10' title="bbox 250 1575 1416 1674; baseline -0.003 -25"><span class='ocrx_word' id='word_1_93' title='bbox 250 1586 355 1668; x_wconf 72' lang='lat' dir='ltr'>Frpm.</span> <span class='ocrx_word' id='word_1_94' title='bbox 387 1586 450 1650; x_wconf 91' lang='grc'><em>167</em></span> <span class='ocrx_word' id='word_1_95' title='bbox 485 1581 632 1673; x_wconf 70' lang='grc' dir='ltr'><strong><em>γλώσσης</em></strong></span> <span class='ocrx_word' id='word_1_96' title='bbox 666 1584 823 1673; x_wconf 71' lang='grc' dir='ltr'><strong><em>μελίσσης</em></strong></span> <span class='ocrx_word' id='word_1_97' title='bbox 856 1586 904 1659; x_wconf 78' lang='lat' dir='ltr'>coi</span> <span class='ocrx_word' id='word_1_98' title='bbox 937 1575 1167 1674; x_wconf 79' lang='grc' dir='ltr'><strong><em>κατερρυηκότι</em></strong></span> <span class='ocrx_word' id='word_1_99' title='bbox 1201 1585 1416 1665; x_wconf 82' lang='lat' dir='ltr'>corrigendum</span> 
     </span>
     <span class='ocr_line' id='line_1_11' title="bbox 165 1695 721 1786; baseline 0.002 -22"><span class='ocrx_word' id='word_1_100' title='bbox 165 1700 290 1764; x_wconf 84' lang='lat' dir='ltr'>videtur</span> <span class='ocrx_word' id='word_1_101' title='bbox 311 1701 345 1763; x_wconf 90' lang='lat' dir='ltr'>in</span> <span class='ocrx_word' id='word_1_102' title='bbox 365 1695 511 1786; x_wconf 77' lang='grc' dir='ltr'><strong><em>γλώσσην</em></strong></span> <span class='ocrx_word' id='word_1_103' title='bbox 532 1725 567 1784; x_wconf 85' lang='grc' dir='ltr'>μ.</span> <span class='ocrx_word' id='word_1_104' title='bbox 591 1696 654 1765; x_wconf 70' lang='lat' dir='ltr'>uzi.</span> <span class='ocrx_word' id='word_1_105' title='bbox 679 1735 721 1747; x_wconf 90' lang='lat'>-</span> 
     </span>
    </p>

    <p class='ocr_par' dir='ltr' id='par_1_4' title="bbox 163 1817 1416 2487">
     <span class='ocr_line' id='line_1_12' title="bbox 251 1817 1416 1919; baseline -0.003 -16"><span class='ocrx_word' id='word_1_106' title='bbox 251 1839 323 1903; x_wconf 76' lang='lat' dir='ltr'>Act.</span> <span class='ocrx_word' id='word_1_107' title='bbox 336 1839 421 1903; x_wconf 83' lang='lat'><em>1029</em></span> <span class='ocrx_word' id='word_1_108' title='bbox 443 1817 491 1912; x_wconf 72' lang='grc' dir='ltr'>το]</span> <span class='ocrx_word' id='word_1_109' title='bbox 507 1832 646 1906; x_wconf 87' lang='grc' dir='ltr'><strong><em>θανόντι</em></strong></span> <span class='ocrx_word' id='word_1_110' title='bbox 668 1860 741 1900; x_wconf 90' lang='lat' dir='ltr'>num</span> <span class='ocrx_word' id='word_1_111' title='bbox 762 1843 889 1919; x_wconf 87' lang='lat' dir='ltr'>propter</span> <span class='ocrx_word' id='word_1_112' title='bbox 904 1830 960 1902; x_wconf 86' lang='grc' dir='ltr'>τόν</span> <span class='ocrx_word' id='word_1_113' title='bbox 972 1830 1120 1903; x_wconf 89' lang='grc' dir='ltr'><strong><em>θανόντα</em></strong></span> <span class='ocrx_word' id='word_1_114' title='bbox 1130 1860 1158 1901; x_wconf 85' lang='lat' dir='ltr'>v.</span> <span class='ocrx_word' id='word_1_115' title='bbox 1171 1858 1215 1917; x_wconf 88' lang='lat' dir='ltr'>sq.</span> <span class='ocrx_word' id='word_1_116' title='bbox 1238 1841 1416 1917; x_wconf 88' lang='lat' dir='ltr'>corruptum</span> 
     </span>
     <span class='ocr_line' id='line_1_13' title="bbox 165 1938 1416 2035; baseline -0.006 -16"><span class='ocrx_word' id='word_1_117' title='bbox 165 1954 210 2019; x_wconf 91' lang='lat' dir='ltr'>sit</span> <span class='ocrx_word' id='word_1_118' title='bbox 219 1953 331 2030; x_wconf 83' lang='lat' dir='ltr'>nescio,</span> <span class='ocrx_word' id='word_1_119' title='bbox 353 1959 529 2035; x_wconf 84' lang='lat' dir='ltr'>corruptum</span> <span class='ocrx_word' id='word_1_120' title='bbox 540 1973 606 2015; x_wconf 87' lang='lat' dir='ltr'>esse</span> <span class='ocrx_word' id='word_1_121' title='bbox 624 1952 696 2015; x_wconf 89' lang='lat' dir='ltr'>scio.</span> <span class='ocrx_word' id='word_1_122' title='bbox 717 1952 797 2014; x_wconf 88' lang='lat' dir='ltr'>Nam</span> <span class='ocrx_word' id='word_1_123' title='bbox 817 1951 890 2030; x_wconf 89' lang='lat' dir='ltr'>quid</span> <span class='ocrx_word' id='word_1_124' title='bbox 907 1949 1030 2011; x_wconf 85' lang='lat' dir='ltr'>tandem</span> <span class='ocrx_word' id='word_1_125' title='bbox 1047 1953 1095 2012; x_wconf 85' lang='lat' dir='ltr'>est</span> <span class='ocrx_word' id='word_1_126' title='bbox 1110 1938 1177 2015; x_wconf 81' lang='grc' dir='ltr'><strong><em>εἶκε</em></strong></span> <span class='ocrx_word' id='word_1_127' title='bbox 1191 1949 1238 2032; x_wconf 73' lang='grc' dir='ltr'>τῷ</span> <span class='ocrx_word' id='word_1_128' title='bbox 1251 1938 1416 2015; x_wconf 70' lang='grc' dir='ltr'><strong><em>θανόντιθ</em></strong></span> 
     </span>
     <span class='ocr_line' id='line_1_14' title="bbox 163 2062 1416 2146; baseline -0.005 -16"><span class='ocrx_word' id='word_1_129' title='bbox 163 2068 262 2130; x_wconf 86' lang='lat' dir='ltr'>Nemo</span> <span class='ocrx_word' id='word_1_130' title='bbox 284 2067 486 2146; x_wconf 75' lang='lat' dir='ltr'><strong>interpretum</strong></span> <span class='ocrx_word' id='word_1_131' title='bbox 508 2067 566 2127; x_wconf 89' lang='lat' dir='ltr'>hac</span> <span class='ocrx_word' id='word_1_132' title='bbox 587 2065 741 2126; x_wconf 89' lang='lat' dir='ltr'>locutione</span> <span class='ocrx_word' id='word_1_133' title='bbox 763 2065 897 2126; x_wconf 87' lang='lat' dir='ltr'>offensus</span> <span class='ocrx_word' id='word_1_134' title='bbox 921 2067 982 2138; x_wconf 87' lang='lat' dir='ltr'>est,</span> <span class='ocrx_word' id='word_1_135' title='bbox 1006 2062 1068 2124; x_wconf 91' lang='lat' dir='ltr'>nisi</span> <span class='ocrx_word' id='word_1_136' title='bbox 1092 2063 1171 2141; x_wconf 89' lang='lat' dir='ltr'>quod</span> <span class='ocrx_word' id='word_1_137' title='bbox 1193 2083 1273 2124; x_wconf 90' lang='lat' dir='ltr'>nunc</span> <span class='ocrx_word' id='word_1_138' title='bbox 1296 2062 1416 2124; x_wconf 87' lang='lat' dir='ltr'>demum</span> 
     </span>
     <span class='ocr_line' id='line_1_15' title="bbox 164 2164 1416 2256; baseline -0.004 -16"><span class='ocrx_word' id='word_1_139' title='bbox 164 2178 324 2241; x_wconf 85' lang='lat' dir='ltr'>Neuekius</span> <span class='ocrx_word' id='word_1_140' title='bbox 345 2164 485 2242; x_wconf 85' lang='grc' dir='ltr'><strong><em>θανόντι</em></strong></span> <span class='ocrx_word' id='word_1_141' title='bbox 509 2181 682 2256; x_wconf 87' lang='lat' dir='ltr'>suspectum</span> <span class='ocrx_word' id='word_1_142' title='bbox 702 2175 786 2238; x_wconf 84' lang='lat' dir='ltr'>dicit.</span> <span class='ocrx_word' id='word_1_143' title='bbox 830 2175 964 2236; x_wconf 90' lang='lat' dir='ltr'>Dubium</span> <span class='ocrx_word' id='word_1_144' title='bbox 998 2195 1065 2236; x_wconf 88' lang='lat' dir='ltr'>esse</span> <span class='ocrx_word' id='word_1_145' title='bbox 1095 2195 1156 2236; x_wconf 92' lang='lat' dir='ltr'>non</span> <span class='ocrx_word' id='word_1_146' title='bbox 1185 2177 1303 2254; x_wconf 86' lang='lat' dir='ltr'>potest,</span> <span class='ocrx_word' id='word_1_147' title='bbox 1341 2175 1416 2254; x_wconf 89' lang='lat' dir='ltr'>quin</span> 
     </span>
     <span class='ocr_line' id='line_1_16' title="bbox 166 2276 1414 2367; baseline -0.003 -17"><span class='ocrx_word' id='word_1_148' title='bbox 166 2288 360 2353; x_wconf 83' lang='lat' dir='ltr'>scribendum</span> <span class='ocrx_word' id='word_1_149' title='bbox 382 2287 426 2349; x_wconf 90' lang='lat' dir='ltr'>sit</span> <span class='ocrx_word' id='word_1_150' title='bbox 447 2276 512 2352; x_wconf 78' lang='grc' dir='ltr'><strong><em>ἀλλ’</em></strong></span> <span class='ocrx_word' id='word_1_151' title='bbox 536 2277 601 2352; x_wconf 73' lang='lat' dir='ltr'>sine</span> <span class='ocrx_word' id='word_1_152' title='bbox 623 2286 836 2352; x_wconf 79' lang='grc' dir='ltr'><strong><em>νουθετοῦντι</em></strong></span> <span class='ocrx_word' id='word_1_153' title='bbox 859 2286 927 2365; x_wconf 88' lang='lat' dir='ltr'>(cfr.</span> <span class='ocrx_word' id='word_1_154' title='bbox 949 2308 978 2348; x_wconf 88' lang='lat' dir='ltr'>v.</span> <span class='ocrx_word' id='word_1_155' title='bbox 1003 2287 1084 2348; x_wconf 83' lang='lat'>1031</span> <span class='ocrx_word' id='word_1_156' title='bbox 1110 2307 1153 2367; x_wconf 91' lang='lat' dir='ltr'>sq.</span> <span class='ocrx_word' id='word_1_157' title='bbox 1177 2290 1209 2347; x_wconf 88' lang='lat' dir='ltr'>et</span> <span class='ocrx_word' id='word_1_158' title='bbox 1230 2285 1265 2348; x_wconf 90' lang='lat'>0.</span> <span class='ocrx_word' id='word_1_159' title='bbox 1276 2284 1308 2347; x_wconf 86' lang='grc'><em>0.</em></span> <span class='ocrx_word' id='word_1_160' title='bbox 1330 2287 1414 2347; x_wconf 86' lang='grc'><em>1193</em></span> 
     </span>
     <span class='ocr_line' id='line_1_17' title="bbox 165 2388 1416 2487; baseline -0.004 -22"><span class='ocrx_word' id='word_1_161' title='bbox 165 2393 419 2482; x_wconf 77' lang='grc' dir='ltr'><strong><em>νουθετούμενον</em></strong></span> <span class='ocrx_word' id='word_1_162' title='bbox 441 2397 548 2487; x_wconf 79' lang='grc' dir='ltr'><strong><em>φίλων</em></strong></span> <span class='ocrx_word' id='word_1_163' title='bbox 570 2395 737 2484; x_wconf 58' lang='grc' dir='ltr'><strong><em>ἐπῳδαῐςχ</em></strong></span> <span class='ocrx_word' id='word_1_164' title='bbox 758 2399 839 2461; x_wconf 87' lang='lat' dir='ltr'><strong>Phil.</strong></span> <span class='ocrx_word' id='word_1_165' title='bbox 853 2399 937 2460; x_wconf 89' lang='grc'><em>1322</em></span> <span class='ocrx_word' id='word_1_166' title='bbox 960 2388 1017 2465; x_wconf 72' lang='grc' dir='ltr'>ἐόν</span> <span class='ocrx_word' id='word_1_167' title='bbox 1034 2420 1068 2464; x_wconf 86' lang='grc' dir='ltr'>τε</span> <span class='ocrx_word' id='word_1_168' title='bbox 1083 2397 1221 2485; x_wconf 79' lang='grc' dir='ltr'><strong><em>νουθετῇ</em></strong></span> <span class='ocrx_word' id='word_1_169' title='bbox 1234 2421 1285 2476; x_wconf 84' lang='grc' dir='ltr'>τις</span> <span class='ocrx_word' id='word_1_170' title='bbox 1302 2390 1416 2482; x_wconf 73' lang='grc' dir='ltr'><strong><em>σι’νοίᾳ</em></strong></span> 
     </span>
    </p>
   </div>
   <div class='ocr_carea' id='block_1_4' title="bbox 166 2511 357 2601">
    <p class='ocr_par' dir='ltr' id='par_1_5' title="bbox 166 2511 357 2601">
     <span class='ocr_line' id='line_1_18' title="bbox 166 2511 357 2601; baseline -0.021 -21"><span class='ocrx_word' id='word_1_171' title='bbox 166 2511 290 2601; x_wconf 76' lang='grc' dir='ltr'><strong><em>λέγων).</em></strong></span> <span class='ocrx_word' id='word_1_172' title='bbox 315 2549 357 2562; x_wconf 92' lang='grc'>-</span> 
     </span>
    </p>
   </div>
   <div class='ocr_carea' id='block_1_5' title="bbox 316 2721 1259 2811">
    <p class='ocr_par' dir='ltr' id='par_1_6' title="bbox 316 2721 1259 2811">
     <span class='ocr_line' id='line_1_19' title="bbox 316 2721 1259 2811; baseline -0.003 -16"><span class='ocrx_word' id='word_1_173' title='bbox 316 2723 435 2796; x_wconf 86' lang='lat' dir='ltr'><strong>XVII.</strong></span> <span class='ocrx_word' id='word_1_174' title='bbox 467 2723 571 2794; x_wconf 91' lang='lat' dir='ltr'>Vitia</span> <span class='ocrx_word' id='word_1_175' title='bbox 593 2744 641 2796; x_wconf 85' lang='lat' dir='ltr'>ex</span> <span class='ocrx_word' id='word_1_176' title='bbox 663 2722 925 2811; x_wconf 82' lang='lat' dir='ltr'>compendiosa</span> <span class='ocrx_word' id='word_1_177' title='bbox 947 2721 1138 2810; x_wconf 78' lang='lat' dir='ltr'>scriptura</span> <span class='ocrx_word' id='word_1_178' title='bbox 1159 2723 1259 2792; x_wconf 75' lang='lat' dir='ltr'>nata,</span> 
     </span>
    </p>
   </div>
   <div class='ocr_carea' id='block_1_6' title="bbox 166 2882 1417 4521">
    <p class='ocr_par' dir='ltr' id='par_1_7' title="bbox 166 2882 1417 4521">
     <span class='ocr_line' id='line_1_20' title="bbox 182 2882 1415 2965; baseline -0.002 -19"><span class='ocrx_word' id='word_1_179' title='bbox 182 2932 184 2936; x_wconf 79' lang='lat'><em>.</em></span> <span class='ocrx_word' id='word_1_180' title='bbox 253 2885 300 2946; x_wconf 87' lang='lat' dir='ltr'>De</span> <span class='ocrx_word' id='word_1_181' title='bbox 322 2884 566 2965; x_wconf 86' lang='lat' dir='ltr'>compendiorum</span> <span class='ocrx_word' id='word_1_182' title='bbox 588 2884 793 2963; x_wconf 81' lang='lat' dir='ltr'>siglsmmque</span> <span class='ocrx_word' id='word_1_183' title='bbox 814 2905 872 2946; x_wconf 87' lang='lat' dir='ltr'>usu</span> <span class='ocrx_word' id='word_1_184' title='bbox 893 2882 1080 2947; x_wconf 83' lang='lat' dir='ltr'>videCobet.</span> <span class='ocrx_word' id='word_1_185' title='bbox 1110 2885 1184 2947; x_wconf 89' lang='lat' dir='ltr'>Var.</span> <span class='ocrx_word' id='word_1_186' title='bbox 1199 2885 1285 2945; x_wconf 86' lang='lat' dir='ltr'>Lect.</span> <span class='ocrx_word' id='word_1_187' title='bbox 1300 2903 1330 2963; x_wconf 88' lang='lat' dir='ltr'>p.</span> <span class='ocrx_word' id='word_1_188' title='bbox 1342 2883 1415 2944; x_wconf 81' lang='lat'>270.</span> 
     </span>
     <span class='ocr_line' id='line_1_21' title="bbox 166 2996 1415 3077; baseline -0.003 -16"><span class='ocrx_word' id='word_1_189' title='bbox 166 2997 311 3076; x_wconf 85' lang='lat' dir='ltr'>Vestigia</span> <span class='ocrx_word' id='word_1_190' title='bbox 333 2996 563 3076; x_wconf 81' lang='lat' dir='ltr'>compendiosae</span> <span class='ocrx_word' id='word_1_191' title='bbox 584 2997 755 3076; x_wconf 87' lang='lat' dir='ltr'>scripturae</span> <span class='ocrx_word' id='word_1_192' title='bbox 777 3001 901 3059; x_wconf 85' lang='lat' dir='ltr'>exstent</span> <span class='ocrx_word' id='word_1_193' title='bbox 918 2997 1125 3077; x_wconf 88' lang='lat' dir='ltr'>compluribus</span> <span class='ocrx_word' id='word_1_194' title='bbox 1135 2996 1211 3060; x_wconf 90' lang='lat' dir='ltr'>locis</span> <span class='ocrx_word' id='word_1_195' title='bbox 1226 2997 1260 3058; x_wconf 91' lang='lat' dir='ltr'>in</span> <span class='ocrx_word' id='word_1_196' title='bbox 1277 2997 1342 3060; x_wconf 84' lang='lat' dir='ltr'>eod.</span> <span class='ocrx_word' id='word_1_197' title='bbox 1352 2998 1415 3059; x_wconf 84' lang='lat' dir='ltr'>La:</span> 
     </span>
     <span class='ocr_line' id='line_1_22' title="bbox 167 3096 1415 3195; baseline -0.002 -23"><span class='ocrx_word' id='word_1_198' title='bbox 167 3109 218 3172; x_wconf 73' lang='lat' dir='ltr'>As</span> <span class='ocrx_word' id='word_1_199' title='bbox 240 3110 303 3171; x_wconf 89' lang='lat'>481</span> <span class='ocrx_word' id='word_1_200' title='bbox 330 3108 387 3173; x_wconf 88' lang='grc' dir='ltr'>λον</span> <span class='ocrx_word' id='word_1_201' title='bbox 410 3100 446 3195; x_wconf 72' lang='grc' dir='ltr'>δγ</span> <span class='ocrx_word' id='word_1_202' title='bbox 468 3096 589 3192; x_wconf 75' lang='grc' dir='ltr'><strong><em>(λόγον)</em></strong></span> <span class='ocrx_word' id='word_1_203' title='bbox 619 3130 638 3171; x_wconf 89' lang='lat' dir='ltr'>a</span> <span class='ocrx_word' id='word_1_204' title='bbox 663 3131 701 3170; x_wconf 89' lang='lat' dir='ltr'>m.</span> <span class='ocrx_word' id='word_1_205' title='bbox 722 3129 781 3172; x_wconf 87' lang='lat' dir='ltr'>rec.</span> <span class='ocrx_word' id='word_1_206' title='bbox 811 3110 975 3186; x_wconf 80' lang='lat' dir='ltr'>insertum3</span> <span class='ocrx_word' id='word_1_207' title='bbox 1009 3110 1072 3172; x_wconf 86' lang='grc'><em>860</em></span> <span class='ocrx_word' id='word_1_208' title='bbox 1095 3106 1237 3190; x_wconf 82' lang='grc' dir='ltr'><strong><em>Σαμῖνος</em></strong></span> <span class='ocrx_word' id='word_1_209' title='bbox 1264 3108 1307 3172; x_wconf 90' lang='grc' dir='ltr'>λα</span> <span class='ocrx_word' id='word_1_210' title='bbox 1336 3130 1415 3171; x_wconf 70' lang='grc' dir='ltr'>σοι</span> 
     </span>
     <span class='ocr_line' id='line_1_23' title="bbox 167 3208 1416 3305; baseline 0.001 -21"><span class='ocrx_word' id='word_1_211' title='bbox 167 3241 233 3297; x_wconf 84' lang='lat' dir='ltr'>reo,</span> <span class='ocrx_word' id='word_1_212' title='bbox 255 3222 304 3284; x_wconf 86' lang='lat' dir='ltr'>El.</span> <span class='ocrx_word' id='word_1_213' title='bbox 316 3221 357 3283; x_wconf 88' lang='grc'>99</span> <span class='ocrx_word' id='word_1_214' title='bbox 376 3208 470 3287; x_wconf 75' lang='grc' dir='ltr'><strong><em>πὲκὲι</em></strong></span> <span class='ocrx_word' id='word_1_215' title='bbox 488 3242 543 3302; x_wconf 64' lang='lat' dir='ltr'>pr„</span> <span class='ocrx_word' id='word_1_216' title='bbox 565 3221 599 3283; x_wconf 91' lang='lat' dir='ltr'>in</span> <span class='ocrx_word' id='word_1_217' title='bbox 610 3219 736 3288; x_wconf 66' lang='grc' dir='ltr'><strong><em>πελέκει</em></strong></span> <span class='ocrx_word' id='word_1_218' title='bbox 752 3221 886 3283; x_wconf 86' lang='lat' dir='ltr'>radendo</span> <span class='ocrx_word' id='word_1_219' title='bbox 897 3224 1063 3296; x_wconf 81' lang='lat' dir='ltr'>mutatum,</span> <span class='ocrx_word' id='word_1_220' title='bbox 1087 3221 1149 3284; x_wconf 89' lang='grc'><em>182</em></span> <span class='ocrx_word' id='word_1_221' title='bbox 1161 3217 1416 3305; x_wconf 77' lang='grc' dir='ltr'><strong><em>Ἀγαμεμνίδας,</em></strong></span> 
     </span>
     <span class='ocr_line' id='line_1_24' title="bbox 169 3326 1416 3420; baseline -0.002 -24"><span class='ocrx_word' id='word_1_222' title='bbox 169 3335 252 3396; x_wconf 94' lang='grc'><em>1139</em></span> <span class='ocrx_word' id='word_1_223' title='bbox 276 3354 331 3419; x_wconf 85' lang='grc' dir='ltr'>πρ.</span> <span class='ocrx_word' id='word_1_224' title='bbox 354 3353 375 3396; x_wconf 94' lang='grc' dir='ltr'><strong><em>σ</em></strong></span> <span class='ocrx_word' id='word_1_225' title='bbox 397 3355 457 3396; x_wconf 89' lang='lat' dir='ltr'>una</span> <span class='ocrx_word' id='word_1_226' title='bbox 479 3334 635 3397; x_wconf 86' lang='lat' dir='ltr'>duabusve</span> <span class='ocrx_word' id='word_1_227' title='bbox 655 3333 756 3396; x_wconf 85' lang='lat' dir='ltr'>literis</span> <span class='ocrx_word' id='word_1_228' title='bbox 784 3353 917 3419; x_wconf 79' lang='lat' dir='ltr'>superp</span> <span class='ocrx_word' id='word_1_229' title='bbox 945 3333 1058 3407; x_wconf 89' lang='lat' dir='ltr'>erasis,</span> <span class='ocrx_word' id='word_1_230' title='bbox 1086 3326 1190 3420; x_wconf 79' lang='grc' dir='ltr'><strong><em>πυρός</em></strong></span> <span class='ocrx_word' id='word_1_231' title='bbox 1218 3333 1252 3394; x_wconf 89' lang='lat' dir='ltr'>in</span> <span class='ocrx_word' id='word_1_232' title='bbox 1278 3333 1376 3394; x_wconf 85' lang='lat' dir='ltr'>litura</span> <span class='ocrx_word' id='word_1_233' title='bbox 1397 3355 1416 3395; x_wconf 90' lang='lat' dir='ltr'>a</span> 
     </span>
     <span class='ocr_line' id='line_1_25' title="bbox 168 3437 1416 3527; baseline 0.003 -21"><span class='ocrx_word' id='word_1_234' title='bbox 168 3466 207 3507; x_wconf 83' lang='lat' dir='ltr'>m.</span> <span class='ocrx_word' id='word_1_235' title='bbox 230 3450 308 3522; x_wconf 85' lang='lat' dir='ltr'>ant.;</span> <span class='ocrx_word' id='word_1_236' title='bbox 339 3446 381 3508; x_wconf 92' lang='lat' dir='ltr'>ib.</span> <span class='ocrx_word' id='word_1_237' title='bbox 405 3446 470 3509; x_wconf 81' lang='lat'>514</span> <span class='ocrx_word' id='word_1_238' title='bbox 497 3466 559 3508; x_wconf 90' lang='lat' dir='ltr'>non</span> <span class='ocrx_word' id='word_1_239' title='bbox 584 3445 830 3526; x_wconf 76' lang='lat' dir='ltr'>improbabiliter</span> <span class='ocrx_word' id='word_1_240' title='bbox 851 3445 983 3507; x_wconf 89' lang='lat' dir='ltr'>Bothius</span> <span class='ocrx_word' id='word_1_241' title='bbox 1013 3445 1145 3508; x_wconf 88' lang='lat' dir='ltr'>coniecit</span> <span class='ocrx_word' id='word_1_242' title='bbox 1174 3437 1416 3527; x_wconf 79' lang='grc' dir='ltr'><strong><em>πολυπάμονος</em></strong></span> 
     </span>
     <span class='ocr_line' id='line_1_26' title="bbox 167 3545 1413 3646; baseline 0 -26"><span class='ocrx_word' id='word_1_243' title='bbox 167 3579 223 3638; x_wconf 88' lang='lat' dir='ltr'>pro</span> <span class='ocrx_word' id='word_1_244' title='bbox 246 3545 448 3634; x_wconf 82' lang='grc' dir='ltr'><strong><em>πολόπονος;</em></strong></span> <span class='ocrx_word' id='word_1_245' title='bbox 472 3558 658 3620; x_wconf 66' lang='grc'><em>’11601246</em></span> <span class='ocrx_word' id='word_1_246' title='bbox 681 3549 861 3641; x_wconf 76' lang='grc' dir='ltr'><strong><em>όοίθμειον</em></strong></span> <span class='ocrx_word' id='word_1_247' title='bbox 882 3578 911 3622; x_wconf 81' lang='grc' dir='ltr'>ει</span> <span class='ocrx_word' id='word_1_248' title='bbox 932 3557 966 3618; x_wconf 93' lang='lat' dir='ltr'>in</span> <span class='ocrx_word' id='word_1_249' title='bbox 989 3578 1001 3619; x_wconf 91' lang='grc' dir='ltr'><strong><em>ι</em></strong></span> <span class='ocrx_word' id='word_1_250' title='bbox 1022 3562 1141 3619; x_wconf 89' lang='lat' dir='ltr'>mutato</span> <span class='ocrx_word' id='word_1_251' title='bbox 1164 3579 1192 3637; x_wconf 88' lang='lat' dir='ltr'>p.</span> <span class='ocrx_word' id='word_1_252' title='bbox 1212 3547 1413 3646; x_wconf 75' lang='grc' dir='ltr'><strong><em>οἷνὴριθμον,·</em></strong></span> 
     </span>
     <span class='ocr_line' id='line_1_27' title="bbox 169 3659 1416 3757; baseline -0.001 -24"><span class='ocrx_word' id='word_1_253' title='bbox 169 3671 253 3733; x_wconf 84' lang='grc'><em>1219</em></span> <span class='ocrx_word' id='word_1_254' title='bbox 284 3691 408 3757; x_wconf 80' lang='grc' dir='ltr'><strong><em>παρνον</em></strong></span> <span class='ocrx_word' id='word_1_255' title='bbox 437 3689 585 3750; x_wconf 88' lang='lat' dir='ltr'>superscr.</span> <span class='ocrx_word' id='word_1_256' title='bbox 615 3675 644 3735; x_wconf 88' lang='grc' dir='ltr'><strong><em>θ</em></strong></span> <span class='ocrx_word' id='word_1_257' title='bbox 672 3665 884 3757; x_wconf 79' lang='grc' dir='ltr'><strong><em>(παρθένον);</em></strong></span> <span class='ocrx_word' id='word_1_258' title='bbox 918 3670 998 3731; x_wconf 88' lang='lat' dir='ltr'>Phil.</span> <span class='ocrx_word' id='word_1_259' title='bbox 1022 3671 1083 3733; x_wconf 91' lang='grc'><em>199</em></span> <span class='ocrx_word' id='word_1_260' title='bbox 1112 3659 1243 3735; x_wconf 84' lang='grc' dir='ltr'><strong><em>ὦιλειαι</em></strong></span> <span class='ocrx_word' id='word_1_261' title='bbox 1272 3690 1349 3732; x_wconf 85' lang='lat' dir='ltr'>corr.</span> <span class='ocrx_word' id='word_1_262' title='bbox 1381 3671 1416 3733; x_wconf 89' lang='lat' dir='ltr'>in</span> 
     </span>
     <span class='ocr_line' id='line_1_28' title="bbox 169 3769 1415 3867; baseline -0.003 -21"><span class='ocrx_word' id='word_1_263' title='bbox 169 3772 210 3846; x_wconf 83' lang='grc' dir='ltr'>ὦι</span> <span class='ocrx_word' id='word_1_264' title='bbox 233 3777 379 3865; x_wconf 77' lang='grc' dir='ltr'><strong><em>λέγεται,</em></strong></span> <span class='ocrx_word' id='word_1_265' title='bbox 411 3782 496 3844; x_wconf 89' lang='grc'><em>1388</em></span> <span class='ocrx_word' id='word_1_266' title='bbox 519 3769 593 3859; x_wconf 87' lang='grc' dir='ltr'><strong><em>λόις</em></strong></span> <span class='ocrx_word' id='word_1_267' title='bbox 621 3802 754 3862; x_wconf 77' lang='lat' dir='ltr'>superse.</span> <span class='ocrx_word' id='word_1_268' title='bbox 775 3803 844 3867; x_wconf 70' lang='grc' dir='ltr'><strong><em>νοις</em></strong></span> <span class='ocrx_word' id='word_1_269' title='bbox 871 3788 903 3843; x_wconf 90' lang='lat' dir='ltr'>et</span> <span class='ocrx_word' id='word_1_270' title='bbox 932 3783 1041 3844; x_wconf 86' lang='lat' dir='ltr'>deletis</span> <span class='ocrx_word' id='word_1_271' title='bbox 1069 3803 1148 3843; x_wconf 90' lang='lat' dir='ltr'>am.</span> <span class='ocrx_word' id='word_1_272' title='bbox 1170 3803 1216 3861; x_wconf 80' lang='lat' dir='ltr'>pr,</span> <span class='ocrx_word' id='word_1_273' title='bbox 1245 3781 1346 3844; x_wconf 87' lang='lat' dir='ltr'>literis</span> <span class='ocrx_word' id='word_1_274' title='bbox 1378 3802 1415 3855; x_wconf 80' lang='grc' dir='ltr'>ις.</span> 
     </span>
     <span class='ocr_line' id='line_1_29' title="bbox 168 3894 1417 3980; baseline -0.001 -23"><span class='ocrx_word' id='word_1_275' title='bbox 168 3894 303 3975; x_wconf 83' lang='lat' dir='ltr'>Egregie</span> <span class='ocrx_word' id='word_1_276' title='bbox 325 3899 427 3957; x_wconf 86' lang='lat' dir='ltr'>autem</span> <span class='ocrx_word' id='word_1_277' title='bbox 448 3895 482 3957; x_wconf 93' lang='lat'>0.</span> <span class='ocrx_word' id='word_1_278' title='bbox 500 3897 539 3958; x_wconf 83' lang='lat' dir='ltr'>R.</span> <span class='ocrx_word' id='word_1_279' title='bbox 564 3895 646 3957; x_wconf 90' lang='grc'><em>1099</em></span> <span class='ocrx_word' id='word_1_280' title='bbox 671 3896 886 3958; x_wconf 81' lang='lat' dir='ltr'>Lachmannus</span> <span class='ocrx_word' id='word_1_281' title='bbox 908 3895 1205 3980; x_wconf 74' lang='grc' dir='ltr'><strong><em>προσπελασθεῖσα</em></strong></span> <span class='ocrx_word' id='word_1_282' title='bbox 1226 3895 1361 3958; x_wconf 88' lang='lat' dir='ltr'>mutavit</span> <span class='ocrx_word' id='word_1_283' title='bbox 1382 3894 1417 3956; x_wconf 90' lang='lat' dir='ltr'>in</span> 
     </span>
     <span class='ocr_line' id='line_1_30' title="bbox 169 3995 1415 4097; baseline -0.002 -25"><span class='ocrx_word' id='word_1_284' title='bbox 169 4001 298 4097; x_wconf 83' lang='grc' dir='ltr'><strong><em>πατρός</em></strong></span> <span class='ocrx_word' id='word_1_285' title='bbox 320 4008 535 4075; x_wconf 77' lang='grc' dir='ltr'><strong><em>πελαοθεῖοα.</em></strong></span> <span class='ocrx_word' id='word_1_286' title='bbox 575 4008 627 4070; x_wconf 84' lang='lat' dir='ltr'>Sic</span> <span class='ocrx_word' id='word_1_287' title='bbox 650 4008 730 4088; x_wconf 85' lang='lat' dir='ltr'>quod</span> <span class='ocrx_word' id='word_1_288' title='bbox 750 3999 927 4070; x_wconf 84' lang='lat' dir='ltr'>Dindorfius</span> <span class='ocrx_word' id='word_1_289' title='bbox 950 4008 1059 4069; x_wconf 81' lang='lat' dir='ltr'>Traoh.</span> <span class='ocrx_word' id='word_1_290' title='bbox 1078 4007 1140 4068; x_wconf 88' lang='grc'>689</span> <span class='ocrx_word' id='word_1_291' title='bbox 1164 4028 1219 4086; x_wconf 86' lang='lat' dir='ltr'>pro</span> <span class='ocrx_word' id='word_1_292' title='bbox 1242 4001 1276 4070; x_wconf 81' lang='grc' dir='ltr'>ἐν</span> <span class='ocrx_word' id='word_1_293' title='bbox 1299 3995 1415 4086; x_wconf 82' lang='grc' dir='ltr'><strong><em>δόμοις</em></strong></span> 
     </span>
     <span class='ocr_line' id='line_1_31' title="bbox 171 4111 1417 4202; baseline -0.003 -18"><span class='ocrx_word' id='word_1_294' title='bbox 171 4120 345 4202; x_wconf 87' lang='lat' dir='ltr'>suspicatus</span> <span class='ocrx_word' id='word_1_295' title='bbox 376 4126 424 4184; x_wconf 91' lang='lat' dir='ltr'>est</span> <span class='ocrx_word' id='word_1_296' title='bbox 456 4111 589 4184; x_wconf 79' lang='grc' dir='ltr'><strong><em>ἐνδυτόν</em></strong></span> <span class='ocrx_word' id='word_1_297' title='bbox 618 4120 732 4182; x_wconf 83' lang='lat' dir='ltr'>abiisse</span> <span class='ocrx_word' id='word_1_298' title='bbox 761 4120 794 4180; x_wconf 91' lang='lat' dir='ltr'>in</span> <span class='ocrx_word' id='word_1_299' title='bbox 827 4112 921 4184; x_wconf 78' lang='grc' dir='ltr'><strong><em>δ’νδου</em></strong></span> <span class='ocrx_word' id='word_1_300' title='bbox 955 4124 987 4181; x_wconf 87' lang='lat' dir='ltr'>et</span> <span class='ocrx_word' id='word_1_301' title='bbox 1013 4123 1120 4200; x_wconf 88' lang='lat' dir='ltr'>postea</span> <span class='ocrx_word' id='word_1_302' title='bbox 1147 4119 1239 4180; x_wconf 89' lang='lat' dir='ltr'>metri</span> <span class='ocrx_word' id='word_1_303' title='bbox 1268 4139 1362 4181; x_wconf 86' lang='lat' dir='ltr'>eausa</span> <span class='ocrx_word' id='word_1_304' title='bbox 1382 4119 1417 4181; x_wconf 86' lang='lat' dir='ltr'>in</span> 
     </span>
     <span class='ocr_line' id='line_1_32' title="bbox 169 4224 1417 4313; baseline -0.006 -15"><span class='ocrx_word' id='word_1_305' title='bbox 169 4229 205 4298; x_wconf 79' lang='grc' dir='ltr'>ἐν</span> <span class='ocrx_word' id='word_1_306' title='bbox 236 4225 353 4313; x_wconf 78' lang='grc' dir='ltr'><strong><em>δόμοις</em></strong></span> <span class='ocrx_word' id='word_1_307' title='bbox 382 4233 561 4312; x_wconf 83' lang='lat' dir='ltr'>productum</span> <span class='ocrx_word' id='word_1_308' title='bbox 592 4253 659 4295; x_wconf 85' lang='lat' dir='ltr'>esse</span> <span class='ocrx_word' id='word_1_309' title='bbox 688 4232 839 4296; x_wconf 87' lang='lat' dir='ltr'>existimo.</span> <span class='ocrx_word' id='word_1_310' title='bbox 887 4233 950 4307; x_wconf 80' lang='lat' dir='ltr'>Nec</span> <span class='ocrx_word' id='word_1_311' title='bbox 978 4252 1065 4296; x_wconf 86' lang='lat' dir='ltr'>secus</span> <span class='ocrx_word' id='word_1_312' title='bbox 1093 4231 1251 4294; x_wconf 73' lang='grc'><em>911075</em></span> <span class='ocrx_word' id='word_1_313' title='bbox 1280 4224 1417 4311; x_wconf 83' lang='grc' dir='ltr'><strong><em>πότμον,</em></strong></span> 
     </span>
     <span class='ocr_line' id='line_1_33' title="bbox 172 4332 1416 4426; baseline -0.002 -18"><span class='ocrx_word' id='word_1_314' title='bbox 172 4345 521 4424; x_wconf 85' lang='lat' dir='ltr'>quod·Schneidewinus‚</span> <span class='ocrx_word' id='word_1_315' title='bbox 540 4342 696 4425; x_wconf 84' lang='lat' dir='ltr'>Bergkius</span> <span class='ocrx_word' id='word_1_316' title='bbox 717 4344 845 4424; x_wconf 79' lang='lat' dir='ltr'>scripsit</span> <span class='ocrx_word' id='word_1_317' title='bbox 866 4365 922 4425; x_wconf 87' lang='lat' dir='ltr'>pro</span> <span class='ocrx_word' id='word_1_318' title='bbox 944 4332 1009 4422; x_wconf 87' lang='grc' dir='ltr'><strong><em>τόν,</em></strong></span> <span class='ocrx_word' id='word_1_319' title='bbox 1031 4334 1129 4426; x_wconf 85' lang='lat' dir='ltr'>primo</span> <span class='ocrx_word' id='word_1_320' title='bbox 1150 4344 1186 4406; x_wconf 89' lang='lat' dir='ltr'>in</span> <span class='ocrx_word' id='word_1_321' title='bbox 1206 4363 1271 4408; x_wconf 88' lang='grc' dir='ltr'>πον</span> <span class='ocrx_word' id='word_1_322' title='bbox 1293 4362 1416 4422; x_wconf 84' lang='lat' dir='ltr'>corrup-</span> 
     </span>
     <span class='ocr_line' id='line_1_34' title="bbox 169 4457 475 4521; baseline -0.007 -1"><span class='ocrx_word' id='word_1_323' title='bbox 169 4461 236 4520; x_wconf 86' lang='lat' dir='ltr'>tum</span> <span class='ocrx_word' id='word_1_324' title='bbox 258 4477 324 4521; x_wconf 86' lang='lat' dir='ltr'>esse</span> <span class='ocrx_word' id='word_1_325' title='bbox 345 4457 475 4520; x_wconf 87' lang='lat' dir='ltr'>videtur.</span> 
     </span>
    </p>
   </div>
   <div class='ocr_carea' id='block_1_7' title="bbox 0 0 1490 4934">
    <p class='ocr_par' dir='ltr' id='par_1_8' title="bbox 0 0 1490 4934">
     <span class='ocr_line' id='line_1_35' title="bbox 0 0 1490 4934; baseline 0 0"><span class='ocrx_word' id='word_1_326' title='bbox 0 0 1490 4934; x_wconf 95' lang='lat' dir='ltr'> </span> 
     </span>
    </p>
   </div>
  </div>
 </body>
</html>
