2956 4934
578 347 664 359 Amawv
683 346 782 359 ι-υηυννῑ

57 473 141 535 1499
165 474 220 536 vel
243 473 385 539 σπεῦσον
407 474 444 536 de
454 475 598 536 Triclinii
620 477 670 537 vel
692 465 793 541 ἆσσον
815 479 900 554 (ente
919 465 1025 554 died)
1036 474 1073 536 de
1086 474 1175 536 Rieh.
1188 474 1302 552 Engel·

56 586 161 647 menni
184 586 359 650 eonieeture
381 586 429 670 (in
450 587 527 649 thes.
539 587 754 649 dissertationi
777 588 833 666 „de
844 588 936 649 Ione“
961 587 1129 666 adiunctis)
1151 588 1201 650 vel
1218 588 1302 649 aliud

58 698 321 777 emme
919 673 923 682 '

142 808 215 874 Am.
239 809 304 872 130
323 832 385 873 non
407 811 527 900 χρυσοῦ
548 811 672 896 καναχῇ
696 802 731 875 θ’
754 800 944 895 ὑπερόπτας
966 806 1032 872 eum
1042 812 1187 890 Emperio
1210 813 1301 875 cerri·
1392 853 1394 858 ·

57 924 189 1002 gendum
211 923 347 998 videtur,
378 922 431 984 sed
457 923 577 1009 χρυσοῦ
605 922 746 1006 καναχῆς
775 913 810 987 δ’
835 911 1024 1007 ὑπερόπτας
1046 922 1112 1004 (eft.
1134 913 1302 1004 εὐδαίμων

55 1033 114 1098 τοῦ
143 1025 284 1118 τρόπον,
325 1031 455 1112 σχετλία
490 1015 622 1116 τόλμφς,
656 1021 791 1116 δῦστιμέ
822 1032 954 1112 κακῶν).
1006 1034 1125 1095 Ireniee
1158 1033 1303 1094 dieuntnr

56 1144 173 1224 Asgivi
194 1145 459 1225 parvulorum,
474 1145 576 1206 instar
603 1149 634 1205 et
656 1145 815 1224 splendore
843 1146 911 1206 euri
938 1149 970 1206 et
997 1146 1130 1224 strepitu
1152 1166 1302 1207 armorum
1370 1137 1372 1139 ¹

57 1258 277 1338 superbivisse.
302 1294 340 1304 -
366 1246 370 1252 ’

145 1368 286 1434 Ιδ.1034
305 1366 402 1434 κοῦδὲ
423 1368 580 1454 μαντικῆς
602 1361 772 1456 ἄπρακτος
792 1359 866 1450 ῦμῐν
889 1366 958 1450 εἰμι
980 1370 1086 1431 multis
1108 1375 1189 1432 reete
1210 1371 1302 1433 offen-

58 1482 141 1559 sioni
168 1482 244 1558 iuit3
276 1480 468 1554 scribendum
494 1471 583 1545 κούδ’
614 1477 650 1543 ἐκ
678 1481 833 1568 μαντικῆς
863 1517 904 1527 -
934 1485 967 1561 (κ
996 1487 1067 1543 ente
1094 1506 1117 1562 μ
1144 1483 1302 1545 intercidit

58 1569 472 1673 nmmwffi

100 1705 152 1770 Αἰ.
175 1705 240 1768 417
268 1711 340 1787 pest
368 1692 521 1786 ἀμπνοάς
550 1725 657 1767 senene
680 1705 810 1767 dicentis
843 1705 999 1785 postulare
1021 1705 1144 1768 videtur
1164 1698 1191 1792 γ’
1213 1710 1302 1787 (haee

58 1821 213 1899 particula
234 1824 271 1883 ut
290 1819 382 1880 nimis
405 1839 495 1897 saepe
516 1823 630 1880 temere
651 1818 757 1879 addite
785 1822 834 1878 est
864 1821 897 1878 et
924 1817 962 1878 ed
990 1838 1129 1880 numeros
1160 1820 1302 1882 turbatos

58 1936 212 2011 uteunque
233 1929 438 1993 restituendos
460 1929 618 1992 veteribus
640 1929 862 1991 correctoribus
884 1951 944 1992 non
966 1930 1067 1990 minus
1089 1950 1179 2009 quem
1200 1951 1301 1991 reeen-

59 2046 192 2108 tioribne
219 2044 253 2105 in
281 2047 424 2123 promptu
452 2042 529 2122 fuit,
563 2042 610 2104 ite
641 2063 702 2104 non
731 2063 800 2104 rere
832 2044 946 2105 omissa
976 2048 1040 2119 est,
1077 2045 1131 2106 eft.
1160 2043 1301 2123 inprimis

61 2134 328 2235 emm4
1133 2242 1136 2246 Α
1357 2132 1361 2140 ’

147 2265 184 2333 0.
198 2267 232 2332 0.
255 2267 373 2331 480111
395 2267 451 2333 τοῦ
470 2255 566 2333 τόνδε
589 2254 722 2351 πλήσας
744 2266 815 2347 δελ·
841 2272 905 2328 tem
927 2269 1087 2330 molestum
1109 2273 1157 2330 est
1182 2270 1246 2348 eet,
1268 2275 1303 2331 ut

60 2382 86 2443 ei
107 2381 189 2445 nihil
211 2381 295 2442 alind
316 2379 448 2442 inveniri
470 2383 589 2457 posset,
623 2378 779 2458 prebende
808 2384 890 2441 esset
911 2381 1109 2442 Herwerdeni
1130 2381 1304 2442 eenieetnre

59 2494 116 2560 τοῦ
143 2485 236 2560 τόνδε
264 2486 405 2577 πλήσας·
441 2485 624 2559 ἐκδίδασκε.
675 2491 781 2553 Redde
815 2496 923 2571 poetae
959 2492 1016 2556 τοῦ
1042 2484 1137 2556 τόνδε
1171 2481 1304 2576 πλνξσας

59 2605 156 2692 φθοῖς
195 2605 356 2668 contrarie
377 2604 450 2668 Aee.
475 2603 559 2666 1013
582 2595 733 2689 φθίνοντ’
757 2625 794 2665 ex
817 2596 945 2690 φανέντ’
974 2609 1150 2683 eermptum
1171 2605 1302 2680 videtur,

58 2723 92 2780 nt
114 2740 153 2781 ex
175 2719 315 2798 opposite
338 2713 480 2802 φανέντα
502 2753 544 2762 -
568 2704 718 2802 ἀσήμων,
741 2736 800 2796 que
822 2721 930 2796 poetee
953 2717 1155 2792 delectentur,
1183 2717 1302 2780 intelle·

58 2837 150 2910 getnr
171 2831 246 2911 quid
267 2831 311 2893 sit
332 2823 479 2914 ἀσήμων.
503 2863 544 2874 -

146 2939 183 3005 0.
208 2938 240 3004 0.
269 2939 332 3003 315
364 2935 398 3005 τί
427 2939 483 3024 φιῦ
491 2963 499 3014 3
534 2960 571 3002 ex
600 2931 660 3003 τίν’
696 2936 789 3003 αδδιῦ
796 2962 805 3022 3
840 2945 939 3002 ortum
967 2960 1033 3002 esee
1062 2944 1135 3019 puto
1166 2931 1301 3022 (γυναῖχ’

59 3045 127 3142 δρῶ
151 3089 193 3100 -
214 3044 275 3118 τίν’
298 3048 405 3132 αῦδιῦ,·
431 3088 472 3098 -
497 3039 547 3137 ἀρ’
571 3047 674 3133 ἔστιν,·
699 3056 765 3131 -).
789 3090 828 3099 -

143 3165 248 3248 Frym.
270 3165 334 3228 209
362 3154 482 3250 yieiee‘
505 3159 540 3226 ἐν
570 3155 656 3230 οἷσιν
685 3156 842 3248 ἀνδράσιν
870 3156 967 3250 τιμήν
995 3161 1080 3244 ἔχεις
1111 3164 1303 3227 scribendum

58 3279 193 3343 videtur:
215 3265 349 3364 γλώσσῃ
372 3267 412 3340 σῦ
433 3266 534 3341 τοῖσδ’
557 3269 591 3337 ἐν
616 3312 663 3336 -.
687 3310 727 3321 -
796 3344 797 3348 ¹

142 3387 248 3469 Frym.
272 3389 336 3450 223
366 3387 497 3451 Photiue
518 3407 548 3468 p.
571 3387 648 3462 359,
671 3387 713 3447 25
735 3383 793 3450 οδκ
815 3378 955 3472 δ’φιξεν·
987 3378 1024 3451 οδ
1047 3373 1210 3466 βλάπτει,
1239 3406 1304 3449 eor·
1392 3368 1396 3375 ⁵

59 3502 139 3565 rexit
160 3500 339 3564 Dindorfius
362 3489 401 3564 οῦ
423 3501 536 3584 κωφεῖ,
559 3499 752 3561 scribendum
773 3490 813 3564 οῦ
835 3503 939 3584 κωφεῖ
960 3495 1064 3579 ξένον·
1089 3492 1128 3563 οὐ
1151 3491 1302 3580 βλάπτει.

146 3608 184 3676 0.
208 3608 242 3675 C.
265 3607 328 3674 391
351 3633 384 3675 τι
414 3615 485 3673 ante
512 3600 631 3676 τοιοῦδ’
663 3612 781 3675 addidit
802 3612 1008 3686 Hermennue,
1040 3610 1231 3672 scribendum
1252 3606 1305 3682 τίς

60 3715 86 3788 δ’
107 3719 183 3790 ἀντὶ
207 3714 325 3788 τοιοῦδ’
349 3713 470 3808 ἀνδρός
492 3711 528 3786 εὖ
549 3713 703 3810 πράξειεν
725 3713 781 3801 ἀν;
806 3724 860 3784 cfr.
884 3719 917 3784 0.
937 3722 970 3784 0.
994 3722 1077 3783 1326
1101 3721 1304 3783 eumSehnei-

60 3834 170 3899 dewini
192 3833 401 3910 adnotatione,
426 3834 525 3910 1489,
548 3835 659 3896 Traeh.
683 3834 753 3894 707.
775 3868 818 3881 -

142 3947 188 4011 lt.
213 3945 275 4008 475
297 3937 365 4018 σι’ῦς
386 3945 504 4031 νεαρᾶς
526 3943 577 4009 κτὲ
602 3966 621 4006 e
642 3949 739 4008 metro
760 3947 889 4007 laborat.
922 3944 1006 4007 Ante
1028 3967 1060 4009 νε
1082 3947 1241 4008 intercidit
1261 3970 1304 4020 τε,

59 4048 127 4138 οἷός
154 4080 192 4124 τε
219 4057 351 4142 νεαρᾶς,
383 4062 420 4118 nt
447 4076 555 4118 sensus
584 4058 628 4118 eit
656 4055 712 4119 uei
743 4044 882 4130 δάλλοις
909 4055 964 4120 καὶ
993 4047 1127 4144 κρόκαις
1157 4056 1212 4122 καὶ
1237 4051 1305 4130 οἰός

59 4169 244 4254 emoe

143 4281 190 4347 Id.
221 4279 284 4344 861
320 4279 440 4343 addidit
468 4278 637 4342 Tricliniue
674 4270 720 4352 ιδς
753 4277 849 4363 (Οἰδ.
888 4273 991 4346 δεινόν
1028 4276 1130 4366 λέγεις
1165 4285 1228 4364 Κρ.
1258 4271 1304 4351 οἷς

59 4397 153 4462 τοῦτο
175 4393 230 4459 νῦν
251 4385 482 4484 πεπράξεται).
525 4395 620 4456 Recte
641 4400 713 4475 poet
737 4391 839 4480 λέγεις
861 4394 997 4456 additum
1018 4394 1143 4456 videtur
1164 4385 1227 4468 ἀς,
1250 4394 1304 4456 sed
