2956 4934
631 393 694 406 QMIV*
698 393 767 406 ᾹΝῊΙΨ·
772 393 808 405 Ab!
812 393 825 404 Λ
829 393 835 402 Ι

107 527 237 590 trarium
266 518 358 598 ὅστις
379 513 461 588 ποο’
484 512 576 602 ιἰμαῖν
603 525 636 584 ε1
661 523 755 585 verba
785 511 822 585 τὸ
850 512 910 608 γὰρ
938 515 1050 608 κέρδος
1076 518 1161 583 τελεῖΙ
1189 504 1243 604 γώ
1268 521 1359 579 extra

109 637 334 701 dubitationem
369 640 494 716 ponunt.
539 633 737 697 Soribondnm
768 632 866 712 igitur
902 634 1009 712 prooul
1039 631 1131 694 dubio
1165 621 1269 702 ἄλλος
1301 650 1358 710 pro

109 741 217 827 iiiior,
240 748 321 830 quod
341 747 536 828 ignoratione
557 745 703 808 vitiatum
725 750 791 822 est;
813 737 911 817 ἄλλος
933 744 1037 806 vorbis
1058 739 1095 823 ἐξ
1111 733 1215 827 ἄλλος
1236 733 1359 822 χθονός

109 862 260 926 definitur.
292 859 396 939 Atque
419 847 512 930 illoc
533 877 595 920 non
616 847 716 922 iiiior
737 856 801 936 legi
823 856 931 919 debere
953 856 1147 936 intellegitur
1168 875 1206 916 ex
1227 852 1358 915 artionlo

108 965 165 1038 τὸν
196 959 430 1059 (αὐτόχειρα),
473 968 527 1048 qui
558 967 674 1048 alioqui
716 973 789 1047 post
820 959 919 1034 ἄλλον
950 967 1115 1028 mutandus
1148 964 1192 1027 sit
1223 964 1258 1027 in
1292 953 1358 1026 ὅντ’

110 1073 388 1167 (αὐτόχειρα).-

195 1193 274 1256 Ρ1ιι1.
303 1186 413 1254 181
400 1183 531 1278 σ’στερσς
560 1195 736 1270 corruptum
763 1194 838 1270 puto
876 1211 914 1253 ex
948 1181 1090 1300 ιστέρων
1125 1179 1358 1274 (πρωτογόνων

112 1302 211 1373 οιίιων
234 1295 417 1381 οὐδενός
389 1301 483 1370 οιίιοο
504 1293 732 1401 ὖστέρων).-
791 1273 1032 1417 υσιειῦίνν
1059 1287 1097 1383 1,
1083 1288 1184 1373 1-
1160 1326 1262 1366 -ιω

115 1462 117 1467 -
196 1415 248 1481 El.
272 1414 358 1479 1156
380 1407 477 1491 αὐτὸς
498 1415 609 1478 inutile
630 1420 692 1491 ast,
715 1436 776 1478 non
797 1415 907 1477 inutile
929 1418 978 1477 est
1000 1405 1116 1499 αὐτῆς,
1138 1412 1210 1492 quia
1232 1402 1270 1499 ἧς
1291 1427 1359 1475 oum

111 1517 223 1614 λάθρα
245 1528 389 1609 coniungi
411 1532 606 1607 oportet-

197 1639 269 1705 Ant.
293 1638 378 1702 1002
412 1636 699 1728 βεβαρβαρωμένῳ
728 1639 830 1701 minus
861 1639 1012 1702 commode
1041 1658 1110 1701 oum
1139 1635 1261 1725 οἴστρῳ
1291 1657 1360 1700 oon·

112 1753 231 1815 bearet:
264 1752 456 1815 seribendnm
485 1753 583 1833 ipsius
604 1751 768 1816 varietatis
796 1770 889 1814 eausa
910 1745 1226 1837 βεβαρβαρωμὲνιας.
1250 1783 1292 1796 --
1316 1749 1361 1811 Si·

112 1864 228 1928 militer
252 1862 287 1930 0.
310 1863 346 1928 0.
369 1864 454 1937 1579
476 1885 531 1945 pro
553 1865 683 1928 molesta
706 1866 804 1928 forma
822 1849 1080 1944 ξνντομωτάτως
1100 1863 1235 1925 seribere
1256 1863 1362 1925 malim

113 1962 368 2055 ξυντομιστᾶτων
389 1975 409 2036 1.
432 1996 456 2037 a.
479 1964 734 2055 ξυντομωτᾶτων
757 1967 796 2040 ἄν
819 1961 925 2058 λόγων
946 1961 1078 2054 τύχοιμι
1101 1969 1208 2053 λέξας.
1232 2008 1275 2020 -

203 2084 239 2148 0.
261 2084 299 2147 n.
322 2085 386 2147 676
409 2091 438 2148 et
459 2082 530 2148 Aoi.
553 2084 594 2148 81
625 2087 727 2150 neseio
759 2107 799 2149 en
825 2077 1030 2170 πορεύσομαι
1059 2085 1237 2148 mutandum
1264 2086 1308 2148 sit
1329 2087 1362 2148 in

114 2189 256 2282 πορεὺομ
248 2218 306 2261 ι.αι
351 2196 440 2259 Certe
469 2196 549 2264 Pbil.
581 2195 644 2260 786
675 2219 730 2279 pro
765 2191 893 2286 ἐργάσει
921 2197 1114 2261 scribendum
1143 2202 1192 2260 est
1222 2186 1361 2285 ἐργάζει,

116 2329 187 2369 nam
210 2309 247 2370 de
268 2308 436 2388 praeterito
459 2313 492 2372 et
512 2309 682 2388 praesenti,
704 2311 785 2372 nihil
806 2312 843 2374 ds
864 2311 968 2374 futuro
990 2315 1126 2392 tempora
1147 2311 1269 2427 rogitet
1289 2310 1362 2372 Phi·

115 2420 253 2482 loctetes.
272 2446 314 2465 -ι

203 2531 343 2596 ,031649
365 2532 596 2596 convenientius
617 2532 740 2596 videtur
761 2524 943 2613 βουλεύοιτο
964 2552 1055 2612 qnam
1076 2520 1297 2613 βουλεύουσιν.
1323 2571 1361 2582 -

179 2716 183 2729 ¹
205 2641 242 2707 0.
257 2641 297 2706 11.
317 2641 357 2706 11
380 2648 463 2708 ιεσ1ε
485 2644 510 2706 ii
531 2643 785 2725 interpretantur,
809 2643 862 2724 qui
883 2644 1047 2707 seeundum
1068 2643 1103 2706 0.
1115 2642 1148 2706 0.
1161 2644 1248 2708 1094
1268 2648 1363 2710 verbo

116 2747 257 2842 στέργειν
278 2755 421 2817 tribuunt
441 2756 506 2818 vim
527 2756 664 2837 petendi,
693 2755 838 2836 rogandi3
871 2776 941 2818 narn
962 2756 1040 2818 duae
1067 2774 1176 2819 oausaa
1200 2775 1363 2849 consessus

116 2864 287 2944 supplicum
314 2885 381 2928 esse
407 2873 549 2948 possunt,
581 2873 636 2930 aut
662 2871 762 2932 metus
789 2869 824 2931 in
840 2868 956 2949 'eliqua
983 2869 1064 2930 mala
1092 2888 1125 2931 ιε
1153 2870 1365 2948 propulsanda

116 2981 172 3040 ant
190 2976 421 3042 desiderium
410 3000 445 3043 ιιι
473 2981 576 3062 aliquo
606 2983 685 3046 bono
719 2982 898 3064 appetendo.
947 2983 1055 3061 Itaque
1082 2981 1146 3044 nisi
1173 2977 1363 3070 στέρξαντες

6 3117 8 3121 ·
116 3090 315 3172 interpretari
341 3091 416 3156 lieet
446 3093 616 3174 „desiderio
646 3095 776 3159 alieuius
805 3095 851 3158 rei
879 3092 1057 3171 commoti“,
1090 3093 1284 3158 scribendum
1316 3099 1367 3159 est

117 3200 305 3291 στέρξαντες
327 3205 577 3287 „petituri“.-
951 3202 957 3219 ”

207 3313 244 3380 0.
257 3314 290 3382 0.
312 3317 377 3382 363
399 3316 527 3408 παρεῖσ
549 3311 636 3388 ἐάσω
658 3319 733 3384 lieet
753 3319 830 3384 loeis
851 3319 1012 3399 Euripidis
1034 3319 1238 3403 confirmetur,
1260 3324 1366 3385 tamen

118 3420 257 3515 παρσῦσ’
279 3416 368 3496 taso
396 3452 533 3507 sensnm,
563 3453 652 3512 quem
673 3434 702 3494 h.
724 3432 744 3492 l.
766 3432 933 3507 desideres,
964 3431 1089 3493 exhibet
1119 3433 1227 3512 („qnia
1249 3433 1364 3510 adsum,

118 3539 158 3604 ad
177 3541 269 3606 linem
291 3546 469 3624 exoptatum
490 3544 618 3624 perveni
637 3543 795 3608 laboribus
818 3543 1032 3622 exanclati=“).
1055 3578 1097 3592 ·-

589 3737 675 3811 XII.
708 3737 892 3811 Laeunae.

206 3879 305 3957 Quam
326 3879 418 3945 iaoils
438 3881 490 3943 val
511 3879 635 3962 singula
656 3883 806 3946 voeabula
827 3883 878 3946 vel
897 3882 1035 3946 universi
1052 3901 1160 3945 verens
1182 3881 1367 3945 interoidere

119 3993 292 4076 potuerint,
326 4014 364 4056 ex
391 4013 427 4057 eo
461 3993 672 4074 cognoroitur,
707 3994 787 4074 quod
816 3996 971 4077 complura
1000 3994 1149 4059 voeabula
1178 3998 1211 4056 et
1238 3993 1366 4074 plurimi

119 4127 228 4172 versus
249 4105 348 4187 primo
371 4105 478 4169 omissi
500 4105 692 4187 postmodnm
714 4109 768 4168 aut
789 4109 827 4170 ab
849 4107 918 4188 ipso
939 4106 1067 4170 librario
1090 4111 1145 4169 aut
1166 4127 1185 4168 a
1207 4105 1367 4170 diorthota

121 4219 234 4282 oodiois
256 4219 367 4282 inserti
388 4219 438 4282 vel
467 4217 507 4280 ad
533 4218 703 4300 marginem
732 4219 882 4302 adscripti
911 4224 991 4284 sunt
1034 4219 1132 4285 Velut
1160 4219 1190 4283 si
1218 4219 1367 4283 librarius

120 4338 192 4413 post
210 4333 244 4396 0.
255 4333 294 4395 R.
308 4333 390 4399 1299
414 4332 560 4395 deduotns
583 4331 679 4394 simili
700 4331 792 4394 initio
814 4331 962 4420 προσέβη
984 4368 1026 4381 -
1047 4323 1132 4417 πρὸς
1153 4331 1196 4418 σῇ
1216 4331 1367 4395 intulerat

120 4465 150 4508 v.
168 4444 261 4521 1302,
282 4444 451 4525 perieulum
472 4451 553 4524 erat,
575 4465 613 4508 ne
633 4464 775 4508 versuum
798 4445 882 4506 1300
903 4446 1036 4508 ε11301
1060 4445 1180 4508 ieotnra
1200 4445 1290 4507 fieret
1310 4444 1365 4509 afr.
