2956 4934
730 296 749 355 6

635 396 842 411 mmmm

111 526 224 602 luisse,
246 531 282 589 ut
303 547 341 589 ex
363 532 454 590 acuto
477 546 568 607 super
591 550 613 590 α
633 526 736 607 posito
760 532 791 590 et
813 527 906 589 litera
928 532 1063 590 extrema
1085 550 1102 590 ν
1120 529 1226 609 colligi
1248 535 1360 609 potest,

112 645 184 702 ante
206 660 297 719 quarn
318 644 382 702 tres
403 640 512 703 literae
534 642 669 703 eresae“.
692 675 732 686 -

201 775 236 841 0.
263 775 296 840 0.
320 776 384 838 460
404 779 451 838 La
473 782 543 854 τοῖς
564 781 614 857 (oi
634 778 668 839 in
690 778 786 840 litura
806 799 862 858 pro
885 779 924 864 ἦ)
947 770 975 844 δ’
1000 773 1082 863 ἐμῆς
1109 776 1262 866 ἐχθροῖς,
1291 803 1361 862 apo·

112 891 231 970 grapho
252 890 356 951 omnia
377 893 446 967 τοῖς
468 882 497 954 δ’
513 886 761 977 ἐμυῖςέχθροῖς.
784 891 876 953 Prius
898 892 1036 972 cogitavi
1054 893 1091 954 de
1108 895 1177 969 τοῖς
1198 888 1233 956 δὲ
1250 894 1308 978 γῆς
1322 889 1362 971 εἴ,

111 1006 178 1063 tum
198 1000 265 1064 vidi
286 1001 348 1062 iam
369 1001 541 1064 Nauckinm
562 1001 728 1065 coniecisse
743 1003 806 1087 τῆς
829 1000 866 1066 δὲ
888 1003 945 1089 γῆς
967 999 1011 1080 εἴ,
1035 1004 1088 1083 qni
1109 1008 1191 1066 recte
1212 1003 1289 1065 dicit
1312 1006 1362 1067 ad·

111 1115 265 1178 versarios
289 1114 398 1195 Oedipi
419 1114 500 1176 nihil
521 1115 659 1176 adtinere
680 1115 720 1176 ad
742 1114 899 1177 (loloneos.
942 1117 1030 1178 Nunc
1053 1116 1138 1177 eliud
1158 1117 1256 1179 latere
1276 1122 1361 1198 puto.

111 1228 150 1289 In
171 1228 251 1290 libro
273 1247 328 1288 suo
350 1227 430 1307 legit
457 1227 604 1289 librarius
632 1231 718 1305 τοῖς,
749 1248 820 1288 nam
849 1228 878 1290 ei
904 1227 961 1315 τῆς
989 1229 1023 1289 in
1051 1231 1119 1304 τοῖς
1147 1249 1202 1290 suo
1231 1228 1361 1290 arbitrio

112 1340 311 1415 mutavisset,
345 1360 383 1401 ne
405 1335 484 1427 ἐμῆς
506 1340 627 1419 quidem
655 1340 852 1422 reliquisset‚·
886 1341 944 1405 hoc
967 1337 1048 1426 ἐμῆς
1078 1346 1179 1402 eutem
1201 1363 1239 1403 ex
1261 1333 1361 1408 ἔπειτ’

113 1457 288 1532 comptum
309 1453 445 1515 videtur:
469 1457 537 1529 τοῖς
559 1444 585 1516 d'
601 1444 704 1518 ἔπειτ’
721 1449 875 1541 ἐχθροῖς,
897 1454 1022 1517 venturi
1043 1455 1200 1534 temporis
1212 1455 1362 1530 hostibus,

114 1566 169 1627 cfr.
193 1566 255 1627 616
280 1585 346 1645 sqq.
369 1600 411 1610 -

199 1704 250 1767 El.
274 1705 338 1768 433
366 1696 435 1771 ἀπό
466 1705 546 1786 qnod
576 1705 609 1767 in
631 1707 677 1767 La
707 1710 779 1786 post
808 1701 933 1790 ἐχθρᾶς
963 1726 1041 1767 am.
1065 1726 1122 1767 rec.
1146 1705 1296 1780 additum,
1330 1705 1362 1765 in

115 1820 255 1882 omnibns
278 1840 381 1901 apogr.
404 1824 452 1882 est
473 1825 595 1900 praeter
615 1820 699 1881 Flor.
722 1842 751 1902 y.
776 1824 808 1882 et
828 1820 929 1881 Palat.
973 1820 1043 1881 Non
1065 1810 1132 1884 αίπὸ
1157 1818 1272 1881 excidit
1295 1819 1362 1902 (cfr.

115 1932 227 1994 Philol.
250 1933 309 1995 vol.
330 1932 380 1992 25.
402 1951 434 2011 p.
458 1930 528 2013 63),
553 1931 607 1994 sed
629 1921 713 2018 πρὸς
735 1936 808 2011 post
830 1927 995 2016 [ἐχθ]ρᾶς.
1021 1966 1061 1976 -

201 2079 411 2146 It1409La
433 2084 465 2142 et
486 2080 585 2141 Palat.
609 2081 668 2142 ποῖ
690 2070 764 2142 ποτ’
789 2071 834 2141 ῶν
857 2081 978 2161 κυρεῖς,
1001 2077 1095 2139 ceteri
1116 2077 1190 2138 libri
1211 2077 1276 2142 ποῦ
1298 2073 1361 2139 ντί.

117 2194 251 2258 Videtur
266 2192 456 2256 scribendum
469 2194 527 2256 ποῖ
536 2188 642 2271 μένων
655 2195 761 2277 κυρεῖς
783 2191 837 2253 cfr.
849 2191 891 2252 ib.
903 2190 967 2251 958
986 2194 1045 2254 ποῖ
1057 2181 1118 2276 χᾶρ
1129 2191 1233 2270 μενεῖς
1246 2183 1309 2251 uzi.
1322 2223 1363 2233 -

207 2349 318 2413 Τνυυίι.
340 2348 360 2410 7
381 2351 429 2410 La
449 2349 578 2428 praebet
599 2337 722 2412 ναίουσ’
746 2342 780 2409 ἐν
803 2345 993 2433 Πλευρῶνι,
1024 2345 1056 2406 in
1087 2345 1273 2425 apographis
1296 2365 1363 2406 oon-

117 2468 204 2528 sueto
226 2483 309 2526 more
341 2461 560 2543 interpolatum
589 2450 712 2525 relovc'
736 2453 785 2522 ἐνί
808 2459 859 2521 vel
881 2455 1020 2524 ναίουσα
1044 2450 1072 2522 δ’
1095 2453 1129 2521 ἐν
1151 2458 1202 2520 vel
1226 2444 1363 2522 ναίουσυί

117 2571 144 2663 γ’
167 2574 220 2656 ἐν;
243 2576 423 2640 Erfurdtius
446 2566 489 2640 ἔτ’
512 2573 599 2636 addit
621 2564 753 2651 (voicvo’
778 2562 821 2636 ἔτ’
844 2566 966 2652 ἕνη),
988 2573 1029 2633 M.
1052 2571 1193 2651 Seyffert.
1218 2567 1364 2634 ναίουσιν

118 2690 258 2771 scripsit,
285 2689 365 2769 quod
385 2688 463 2750 mibi
484 2688 521 2750 de
544 2674 699 2767 δόμοις
719 2703 781 2747 non
803 2685 840 2746 de
861 2689 946 2747 terra
967 2684 1058 2763 idque
1079 2685 1137 2746 hoc
1158 2683 1226 2744 loco
1248 2682 1363 2743 dictum

117 2803 242 2864 minime
263 2804 418 2884 probatur:
462 2802 539 2863 Post
561 2789 664 2864 ναίυσ’
687 2819 755 2860 oum
782 2797 949 2860 excidisset
971 2788 1028 2874 ὅτ’,
1058 2786 1077 2882 ἦ
1103 2802 1175 2859 ante
1197 2794 1364 2880 Πλευρῶνι

117 2919 269 2977 mutatum
304 2918 353 2976 est
386 2913 420 2974 in
453 2908 487 2976 ἐν
515 2901 657 2995 (ναίοντ’
687 2900 733 2976 ὅτ’
766 2898 787 2994 ἦ
813 2898 981 2997 Πλευρῶνι
1017 2910 1071 2972 cfr.
1099 2909 1141 2969 22
1169 2897 1205 2994 ἦν
1239 2906 1364 2985 θακῶν,

118 3028 388 3106 omm-
1349 3111 1354 3120 ἱ

202 3165 282 3230 Phil.
306 3162 370 3229 108
391 3166 439 3228 La
461 3164 587 3227 exhibet
615 3156 656 3248 δὴ
678 3151 776 3239 τάδε,
805 3163 853 3224 Lb
877 3160 976 3246 δῆτα,
1005 3160 1101 3222 ceteri
1122 3158 1197 3221 libri
1218 3158 1302 3242 δῆτα
1324 3150 1366 3224 ταί

117 3279 241 3368 (ψευδῆ
260 3274 387 3366 λέγειν).
431 3276 511 3340 Mihi
532 3277 654 3340 videtur
677 3275 863 3339 commodius
886 3273 1117 3353 elegantiusque
1139 3273 1176 3337 de
1197 3272 1311 3334 mutari
1332 3272 1366 3333 in

117 3384 157 3458 σύ
178 3391 276 3477 (δῆτα
299 3378 362 3472 σί).
385 3425 426 3436 -

203 3527 348 3594 Io.1308
369 3531 417 3592 La
437 3529 514 3592 Ven
537 3518 578 3593 ταί
599 3521 658 3608 μὲν
681 3513 747 3606 τόξ’
767 3519 868 3605 ἔχεις,
889 3525 923 3586 in
945 3523 1056 3587 ceteris
1078 3523 1168 3586 libris
1189 3529 1226 3587 ut
1247 3524 1368 3587 adsolet

117 3643 189 3722 (cfr.
211 3643 253 3704 ih
266 3642 369 3718 1235,4
387 3641 466 3718 285)
488 3639 662 3719 suppletum
685 3628 734 3723 δὴ.
763 3637 895 3700 Videtur
916 3637 1020 3717 potius
1041 3641 1113 3718 post
1134 3633 1193 3718 μὲν
1215 3637 1367 3700 excidisse

118 3746 173 3822 νίν
194 3746 250 3834 (ταί
271 3751 330 3836 μέν
353 3775 408 3816 νυν
429 3739 495 3832 τόξ’
518 3745 603 3830 ἔχεις
624 3752 679 3813 cfr.
701 3751 749 3813 El.
774 3750 813 3811 73
837 3740 952 3836 ιίρρκα
973 3746 1032 3831 μέν
1054 3771 1109 3813 νυν
1130 3749 1257 3832 ταῦτα).
1282 3785 1322 3797 -

204 3911 293 3974 Nune
313 3910 389 3972 licet
410 3908 546 3971 indicare
567 3907 604 3970 de
624 3906 743 3988 insigni
764 3907 839 3984 loco,
862 3906 942 3970 Phil.
957 3907 1023 3969 220
1043 3907 1097 3969 ubi
1111 3908 1160 3969 La
1181 3896 1243 3972 κᾶκ
1264 3903 1367 3979 ποίας

119 4012 252 4109 πάτρας
262 4023 366 4088 verbis
379 4018 481 4098 ποίας
496 4007 626 4106 παίτρας
637 4021 688 4085 vel
702 4042 762 4084 nno
776 4021 925 4084 vocabulo
937 4009 1067 4107 πυίτρας
1087 4041 1124 4081 cx
1138 4040 1168 4081 v.
1177 4019 1240 4081 222
1260 4019 1367 4094 inlato,

119 4137 298 4218 apographa
321 4131 459 4217 ναυτίλῳ
483 4121 595 4219 πλάτῃ
616 4135 739 4196 habent
772 4133 907 4213 Egregie
928 4132 1010 4195 vidit
1024 4132 1182 4195 Nauokius
1205 4131 1282 4194 illud
1304 4123 1363 4200 κάν

119 4251 228 4313 (ἰαίνετο
259 4249 425 4329 genuinum
462 4247 635 4311 existimari
665 4251 697 4309 et
731 4246 866 4310 correxit
899 4237 960 4312 κάκ
991 4241 1097 4323 ποίας
1128 4242 1238 4330 τύχης.
1287 4245 1342 4319 Mil

119 4363 242 4427 videtur
263 4361 431 4426 communis
452 4381 517 4425 mos
547 4361 680 4424 edvenas
706 4359 918 4438 interrogandi
948 4358 1118 4439 postulare,
1148 4362 1185 4419 ut
1214 4356 1340 4420 scribatr

119 4467 181 4538 κάκ
203 4469 304 4548 ποίας
325 4461 447 4554 xoeos
467 4473 487 4535 i.
509 4494 533 4537 ι
556 4460 664 4539 πάνυ
685 4473 740 4536 αι.
756 4472 832 4535 nur.
847 4472 896 4535 nr.
909 4471 1028 4552 τινες.
1050 4459 1187 4556 χαίρετ’,
1208 4457 1238 4532 τι
1259 4463 1341 4550 rec
