2956 4934
637 389 842 404 ννψνννυυνννννν·

112 509 242 603 doetus
263 519 377 582 mutari
398 519 507 601 possit.
537 519 625 583 Nunc
648 519 721 598 quid
741 519 775 582 in
795 544 836 606 ιη
858 543 889 586 ει
910 514 969 607 τήν
988 521 1047 607 τῆς
1067 523 1178 601 lateat,
1201 524 1366 588 obscurum-

111 651 179 694 esse
206 652 270 695 non
299 637 417 714 potest:
450 634 529 694 latet
563 627 719 714 ποιμένες
750 638 783 695 ot
809 625 898 720 ’75ης
927 641 1101 715 corruptum
1131 641 1179 699 est
1208 657 1246 699 cx
1271 626 1364 702 εἶδον

112 743 201 826 (ἴδον
224 746 364 826 scripto).
407 745 512 808 Redde
533 745 632 824 igitur
653 749 762 825 poetce
784 747 873 808 baec:

150 844 152 848 ⁸
631 849 716 942 Ἴδης

426 961 480 1035 ὅτε
500 958 721 1060 μηλοτρόφον
742 960 866 1055 ἀμελῶν
888 966 1043 1053 ποιμένες

427 1072 517 1146 εἶδον
539 1071 755 1167 νριολὺμπιον
777 1074 875 1170 ἅρμα.

113 1195 148 1258 Si
169 1194 208 1256 de
229 1193 342 1256 Paride
363 1193 494 1270 dicitur,
517 1193 712 1256 scribendum
734 1187 858 1282 ποιμὴν
879 1185 976 1261 εἶδεν.
1004 1231 1037 1243 -

274 1388 323 1462 X.
355 1387 554 1461 clausulae
576 1407 757 1460 versuum
778 1392 979 1479 corruptae
1003 1392 1057 1476 (et
1077 1388 1213 1475 initia).

107 1553 112 1559 ’
200 1533 270 1594 Usu
291 1533 519 1612 comprobatum
549 1537 598 1595 ost
619 1533 761 1614 inprimis
784 1534 937 1595 clausulas
959 1533 1073 1613 (minus
1094 1533 1200 1612 initia)
1222 1552 1364 1595 versuum

116 1644 309 1722 corruptelae
331 1645 478 1706 obnoxias
504 1644 607 1706 fuisse.
650 1647 697 1708 Eo
720 1644 800 1706 onim
821 1646 888 1707 loco
910 1645 1057 1706 facillime
1078 1644 1263 1706 aberrabant
1284 1644 1365 1707 oculi

114 1755 312 1818 librariorum
341 1757 414 1840 (cir.
442 1755 492 1818 ni.
515 1757 556 1817 82
592 1749 691 1822 ὀκνιῦι
723 1753 824 1837 ἰδεῖν,
858 1757 911 1819 sed
940 1757 1058 1819 delecto
1088 1751 1169 1820 idcir
1198 1776 1216 1817 a
1245 1776 1283 1818 m.
1304 1776 1364 1836 pr.;

115 1867 189 1930 Ant.
213 1869 234 1929 5
256 1859 370 1934 ὁποῖον
392 1862 464 1948 οὐχὶ
489 1889 575 1932 eraso
598 1865 648 1948 χὶ,·
675 1869 737 1930 710
753 1860 835 1952 ι’έγαν
851 1891 909 1954 ραν
930 1869 964 1930 in
985 1869 1082 1930 litura
1101 1867 1263 1929 literarum
1280 1888 1365 1948 μαν-

117 1985 199 2062 dcc,-
227 1980 313 2042 1030
324 1984 448 2046 κτανεῖν
460 1981 494 2042 in
510 1982 607 2043 litura
620 1981 760 2044 undecim
776 1981 963 2064 literarum),
985 1981 1019 2044 in
1037 2002 1105 2043 eum
1118 1981 1218 2043 locum
1236 1979 1366 2042 maxima

98 2070 234 2154 ‘oblivio
257 2097 289 2153 et
317 2093 508 2172 negligentia
534 2093 695 2156 eorundem
718 2095 844 2156 valebat
868 2095 924 2157 cfr.
947 2095 1057 2157 Trach.
1079 2094 1142 2156 265
1164 2088 1364 2179 diiunctius

115 2204 255 2266 additum
277 2205 378 2268 literis
400 2205 609 2282 tenuioribus,
633 2207 685 2269 sed
709 2207 812 2269 eadem
834 2228 925 2268 mann
947 2211 983 2268 ut
1000 2199 1143 2284 uidetur,
1165 2207 1228 2268 319
1253 2195 1365 2293 ἤνυτον

116 2318 215 2397 primo
226 2318 379 2408 omissum,
399 2319 452 2381 red
463 2323 571 2398 postea
582 2319 684 2382 litoris
700 2320 880 2382 exilioribus
898 2320 1072 2400 suppletum
1086 2320 1155 2399 (cfr.
1171 2320 1245 2382 Ant.
1257 2319 1364 2399 1310).

115 2429 189 2491 Aut.
214 2431 298 2492 1341
321 2430 413 2492 initio
435 2451 542 2494 versus
565 2422 602 2508 ὃς
624 2452 662 2493 ex
685 2432 840 2512 superiore
863 2453 891 2493 v.
913 2432 1086 2512 repetitum.
1119 2432 1171 2494 Ita
1190 2430 1274 2496 vidit
1290 2431 1365 2492 Diu·

115 2542 230 2606 dorfius
253 2542 287 2604 0.
310 2540 343 2604 0.
367 2540 406 2603 71
435 2526 535 2624 μέλοι
569 2563 606 2605 cx
628 2543 687 2605 fine
710 2543 876 2623 superioris
899 2565 927 2604 v.
949 2542 1127 2622 irrepsisse;
1161 2542 1225 2604 628
1247 2564 1289 2623 με
1309 2563 1366 2606 aa

116 2675 154 2715 m.
177 2654 275 2716 multo
296 2655 464 2718 recentiore
486 2675 524 2716 ex
553 2653 584 2720 ot
607 2656 658 2717 vel
686 2677 724 2722 οο
753 2656 869 2717 factum
898 2655 953 2716 cir.
974 2654 1055 2730 457,
1087 2654 1142 2716 ubi
1169 2653 1265 2717 ceteri
1291 2654 1366 2717 libri

116 2766 233 2830 habeut
256 2763 375 2851 9έλιμέ
398 2789 475 2847 μου,
497 2768 554 2829 Lb.
570 2763 689 2852 θέλητέ
711 2789 785 2848 μοι;
812 2768 898 2829 1474
909 2767 1084 2830 Dindorflus
1105 2770 1190 2831 rc'otc
1211 2765 1366 2830 addidisse

116 2882 241 2945 videtur
262 2868 383 2965 πάτερ,
417 2877 502 2941 1640
531 2899 586 2942 nco
615 2875 728 2964 φέρειν
757 2880 837 2959 quod
864 2880 898 2940 in
918 2881 979 2954 La,
1011 2899 1066 2942 neo
1096 2876 1193 2970 φρενί
1224 2880 1304 2962 qnod
1333 2879 1367 2942 in

85 3015 88 3024 ¹
116 2992 237 3072 aliquot
248 2991 435 3072 apographis
453 2990 670 3054 ecorreotione
683 2990 810 3070 legitur,
832 2994 915 3053 recte
934 3011 967 3052 se
978 2989 1087 3068 habet;
1111 2990 1196 3052 1488
1207 2990 1366 3054 Nauokius

116 3109 201 3168 recte
224 3099 322 3192 rpperi
343 3103 458 3167 delevit
489 3103 534 3186 (et
555 3097 700 3189 ἐμφῆναι
722 3123 751 3184 p.
772 3096 918 3189 ἐμφῦναι
940 3102 1082 3182 scripsit:
1115 3097 1261 3189 ἐμφῆναι
1290 3093 1367 3167 rdde

116 3206 333 3303 νοΙποένερέ);
360 3213 446 3280 O.R.
461 3215 526 3278 360
541 3211 641 3301 λέγειν
663 3235 701 3276 ex
722 3236 751 3277 v.
774 3214 838 3275 358
860 3215 992 3276 inlatum
1014 3219 1078 3291 est,
1100 3233 1207 3277 seusus
1229 3215 1367 3295 postulat

116 3317 232 3410 μόνον,·
256 3328 320 3390 446
343 3323 445 3392 πλέον
467 3327 642 3390 emendavit
662 3325 835 3389 Meinekius
856 3326 890 3388 iu
912 3323 1010 3414 πέρα.
1054 3326 1128 3390 Ant.
1153 3325 1238 3389 1098
1259 3326 1367 3393 λακεῖν

116 3440 223 3502 versui
248 3440 332 3501 1094
355 3439 489 3502 debetur.
532 3439 701 3519 Deperdita
722 3429 783 3503 voa¹
805 3439 937 3501 fueritne
951 3434 1067 3524 Κρέον,
1088 3438 1168 3520 quod
1191 3439 1368 3520 apographa
1440 3434 1444 3457 ¹

116 3553 240 3628 habent,
257 3571 296 3614 an
307 3551 416 3632 λαβεῖν
427 3552 507 3631 quod
517 3551 633 3614 Neuius
645 3553 783 3629 coniecit,
795 3573 835 3614 an
846 3543 888 3616 roi
906 3551 972 3632 νῦν,
991 3542 1078 3629 τόδε,
1095 3551 1193 3625 statui
1203 3552 1366 3632 nequit.—

116 3664 270 3728 Dubitars
290 3663 365 3726 licet
386 3661 424 3724 de
445 3662 496 3724 Αἰ.
509 3663 572 3724 185
595 3684 690 3746 comp.
712 3684 780 3726 oum
801 3686 830 3728 v.
854 3664 918 3726 300
940 3665 995 3727 cir.
1017 3662 1151 3727 Nauckii
1171 3662 1274 3726 adnot.
1295 3661 1367 3725 crit.

117 3775 157 3838 ad
180 3796 209 3838 v.
232 3773 304 3835 300.

204 3885 336 3950 Frustra
364 3885 466 3950 critici
486 3902 516 3951 ν.
538 3885 595 3950 As
611 3885 676 3950 802
705 3889 912 3952 tentaverunt
954 3886 1108 3951 Nimirum
1138 3882 1235 3974 φέρει
1263 3887 1368 3952 versui

119 4001 182 4063 799
205 3999 293 4063 roddi
314 4000 418 4076 debet,
441 3999 521 4079 quod
541 3999 593 4063 bic
615 4001 804 4064 conlocatum
824 3998 1102 4081 corrupitversum.
1131 3997 1368 4080 Corrigendum:

117 4113 178 4178 τοῦ
193 4115 230 4179 Θ.
242 4104 390 4194 μάντεως
413 4109 495 4196 (soil.
509 4104 618 4193 ἔμαθε
633 4113 804 4202 Τεῦκρος),
827 4104 905 4180 καθ’
928 4104 1052 4202 ἡμέραν
1072 4104 1131 4200 τὴν
1153 4113 1208 4179 νῦν
1229 4104 1272 4179 iit’
1299 4113 1332 4192 (i.
1344 4133 1368 4174 e.

117 4215 183 4309 ὅτι)
207 4215 297 4306 αὐτῷ
316 4215 466 4297 θάνατος
486 4211 509 4308 ἢ
528 4217 603 4304 βίος
624 4218 731 4288 πέλοι.
752 4236 797 4272 '-
958 4299 960 4305 ¹

204 4334 254 4399 lo.
276 4334 340 4398 755
363 4331 441 4401 ποτέ
463 4335 564 4398 locum
584 4354 647 4398 nou
668 4335 775 4413 habet,
796 4356 868 4400 ncm
889 4355 952 4399 nou
974 4337 1049 4414 hoo,
1078 4335 1132 4399 sed
1154 4339 1242 4424 πέρα
1265 4333 1369 4414 „ultra

118 4449 198 4521 hauc
213 4447 314 4526 diem“
338 4466 431 4510 sensu
443 4445 619 4527 requiritur.
634 4488 637 4496 -
651 4448 719 4512 Hoc
741 4443 823 4514 ποτέ
845 4438 984 4512 librariis
1006 4449 1040 4512 iu
1060 4448 1199 4512 clausula
1219 4465 1368 4512 versuum

1158 4558 1194 4610 8¹»
