2956 4934
720 285 761 348 23

640 390 846 405 ΚΑΛΛΛΜἏΛΜΙ

122 523 298 598 librarius“,
320 522 400 585 Phil.
423 522 486 583 282
511 512 733 604 συμβάλλοιτο
754 541 809 602 pro
833 513 1040 600 συλλαβοιτο,
1062 518 1114 582 Ai.
1128 519 1211 583 1243
1235 512 1368 608 ἤρεσκεν

121 655 195 696 corr.
218 655 256 696 ex
277 626 409 721 ἤρκεσεν
432 655 450 694 a
472 654 510 694 m.
532 654 593 713 pn,
625 633 665 694 ib.
689 633 753 693 984
773 631 869 696 τοῦτο
890 627 927 696 δὲ
948 651 977 710 p.
1001 621 1038 695 τό
1059 629 1173 707 τοῦδε,
1200 631 1281 692 Phil.
1304 631 1369 693 324

122 745 223 829 ουμιῇ
244 743 369 832 γένοιτο
392 747 484 830 χεῖρα
506 767 562 824 pro
587 737 694 826 θομόν
715 769 743 831 y.
767 740 864 827 χειρί.
901 742 1097 806 Memorabile
1119 747 1167 805 est
1185 743 1269 805 0.R.
1283 744 1367 807 1487

119 877 174 936 pro
198 850 361 922 reiterari
383 858 440 922 τοῦ
461 856 580 945 πικροῦ
602 853 678 937 βίον
704 857 738 919 in
765 856 855 918 libris
877 854 1081 931 deterioribus
1108 853 1172 933 legi
1200 846 1242 919 τα
1264 845 1367 943 πικροὶ

120 969 184 1034 τοῦ,
200 968 320 1033 λοιοοῦ
341 966 428 1047 βίου.
474 971 540 1031 Hae
563 969 615 1032 via
637 968 687 1030 Αἰ.
710 969 773 1030 208
796 964 936 1054 ἠρεμίας
958 967 1037 1028 abiit
1058 966 1092 1027 in
1114 957 1265 1051 ἦμερίας,
1296 987 1368 1027 nam

119 1102 222 1143 veram
244 1103 311 1143 esse
332 1084 410 1143 hanc
427 1083 603 1144 Thierschii
624 1081 837 1156 coniecturam,
861 1081 955 1143 etiam
977 1101 1015 1141 ex
1036 1077 1209 1140 imitatione
1231 1078 1367 1140 auctoris

119 1195 219 1256 Rhesi
241 1195 305 1254 882
329 1215 393 1273 sqq.
416 1194 618 1273 cognoscitur.

206 1333 273 1395 Hae
302 1331 395 1394 etiam
425 1328 461 1394 0.
486 1328 519 1394 0.
543 1329 606 1392 402
637 1330 886 1392 molestissimum
915 1330 1042 1391 verbum
1072 1327 1237 1408 δυστυχῶν
1267 1332 1367 1391 ortum

120 1452 166 1508 cst
188 1468 225 1508 ex
249 1445 462 1524 διχοστατῶν.
497 1447 575 1506 Nam
597 1447 655 1508 hoc
677 1465 768 1507 sensu
789 1445 956 1525 requiritur
979 1444 1045 1526 (cfr.
1066 1445 1128 1505 399
1146 1465 1199 1523 sq.‚
1221 1444 1287 1505 404
1299 1447 1366 1524 sep).

120 1559 318 1620 Scribendum
351 1557 448 1638 igitur
477 1553 595 1629 κείνοις
628 1547 644 1621 ὁ
672 1548 797 1638 τύμβος
827 1547 886 1629 σος
916 1554 1119 1634 διχοστατῶν
1148 1548 1269 1641 βαρύς,
1300 1556 1367 1619 sive

119 1691 224 1732 versus
255 1691 322 1731 cum
351 1675 526 1750 corruptum
556 1674 639 1731 esset
669 1667 874 1747 διχοστατῶν
896 1671 993 1729 metro
1016 1668 1182 1747 adaptatos
1210 1669 1277 1730 sive
1298 1689 1367 1731 cnm

120 1769 175 1853 σός
197 1785 271 1860 post
293 1769 445 1862 [τείμ]βος
467 1781 649 1855 excidisset,
674 1770 691 1843 ὀ
714 1771 770 1850 σὸς
793 1779 945 1841 adiectum
968 1783 1023 1840 est.
1049 1812 1086 1823 -

209 1918 318 1980 Τνοσλ.
337 1919 380 1981 57
404 1915 494 2000 νέμοι
510 1955 550 1964 -
568 1919 671 1983 δοκεῖν
693 1919 727 1979 in
749 1914 854 2000 νέμειν
870 1917 960 1984 δοκοῖ
980 1917 1164 1979 mutandum.
1197 1916 1365 1996 Optativus

120 2031 151 2093 in
175 2052 243 2094 eum
266 2052 387 2094 sensum
410 2033 566 2107 convenit,
590 2032 643 2111 qui
664 2052 739 2094 voce
760 2019 847 2105 εἰκός
870 2031 1042 2094 ostenditur
1064 2030 1284 2093 efr.Ai.1159
1308 2028 1365 2094 καὶ

119 2137 178 2230 μίρ
201 2136 336 2231 αἰσχρὸν
358 2142 387 2209 εί
409 2129 554 2209 πύθοιτό
575 2165 636 2221 τις,
659 2132 766 2227 λόγοις
789 2132 944 2222 κολάζειν
962 2139 1030 2219 uzi,
1053 2145 1163 2222 fragm.
1184 2144 1245 2205 718
1269 2139 1364 2208 οὐδὲν

118 2255 241 2321 κακίοιν
263 2248 395 2335 τιτοιχός
417 2254 447 2321 εί
470 2257 574 2330 καλῶς1
597 2262 775 2344 ιμρονοῖ,-
798 2257 936 2337 Insignis
957 2258 992 2319 in
1014 2259 1070 2319 hoc
1093 2278 1202 2337 genere
1220 2256 1365 2336 Burgesii

117 2371 291 2432 coniectura
313 2374 379 2448 est,
414 2369 467 2449 qui
488 2371 528 2432 ib.
553 2370 617 2431 614
639 2391 683 2450 sq.
706 2366 852 2451 εὐμαθὲς
874 2407 915 2416 -
938 2365 991 2434 ἐπ’
1014 2360 1108 2451 λίμμα
1131 2357 1273 2455 θήσεται
1302 2391 1363 2432 mu·

116 2485 199 2547 tavit
220 2484 254 2544 in
276 2475 367 2564 ίίμμιι
392 2480 467 2555 θείς
483 2518 519 2525 -
544 2477 603 2563 ἔνι’,
617 2471 652 2547 εὖ
668 2471 875 2569 μαθήσεται,
898 2483 932 2544 in
954 2484 1064 2563 quibus
1086 2483 1256 2546 conlocatio
1278 2503 1363 2562 prae·

116 2595 280 2676 positionis
303 2589 362 2657 ἐιιί
385 2594 593 2658 conlocatione
614 2595 776 2657 verborum
799 2586 890 2675 λίμμα
913 2592 990 2671 θείς
1012 2595 1152 2656 excusari
1172 2595 1304 2658 videtur.
1320 2630 1361 2641 -

164 2832 210 2903 V.
250 2831 446 2903 Dorismns
468 2831 676 2918 neglectus.
721 2831 872 2903 Atticae
895 2831 1036 2904 formae
1059 2835 1316 2941 commutatae.

201 2992 287 3055 Fieri
313 3013 374 3054 non
401 2996 537 3071 poterat,
569 2992 642 3071 quin
664 2992 855 3079 posterioris
869 2993 981 3055 aetatis
1003 2994 1126 3056 librarii
1146 3016 1184 3056 ex
1205 2997 1361 3075 praesenti

115 3104 235 3167 dicendi
257 3105 474 3167 consuetudine
496 3105 610 3167 formas
632 3105 666 3166 in
688 3109 806 3166 textum
827 3105 997 3185 reciperent
1021 3111 1053 3168 et
1073 3107 1223 3187 pristinas
1245 3109 1360 3171 formas

113 3217 239 3280 Atticas
261 3238 328 3279 cum
345 3217 525 3296 vulgaribus
546 3221 775 3278 commutarent.
808 3218 907 3291 Quam
928 3222 1046 3279 mature
1068 3220 1124 3281 hoc
1147 3220 1301 3296 acciderit,
1323 3241 1360 3282 ex

114 3330 170 3392 hoc
201 3329 408 3408 intellegitur:
437 3329 470 3390 0.
493 3331 530 3390 R.
554 3350 675 3391 versum
699 3328 797 3403 1123,
820 3329 873 3389 ubi
894 3329 969 3390 libri
990 3330 1105 3391 habent
1126 3320 1163 3415 ἦν
1185 3335 1217 3392 et
1238 3352 1360 3394 versum

113 3444 228 3504 Niobes
251 3443 353 3522 (frgm.
377 3442 453 3523 399)
482 3431 502 3527 ἦ
531 3433 591 3529 γὰρ
615 3438 695 3527 ’φίλη
717 3434 774 3525 ’χαί
796 3440 900 3505 τῶνδε
925 3441 982 3506 τοῦ
1004 3439 1231 3528 προφερτέροο
1260 3444 1360 3506 adfert

113 3555 304 3635 Porphyrius
328 3556 408 3634 apud
431 3556 643 3618 schol.Venet.
660 3554 750 3619 Iliad.
763 3557 791 3630 ὅ,
815 3555 877 3616 533
900 3556 970 3635 (cfr.
994 3557 1087 3619 schol.
1104 3557 1215 3636 Odyss.
1229 3558 1257 3632 8,
1282 3559 1359 3637 186)

112 3668 151 3728 ad
172 3667 410 3730 confirmandam
433 3668 560 3730 formam
581 3667 720 3731 Atticam
752 3659 772 3753 ἦ
798 3668 819 3730 i.
842 3688 867 3729 e.
897 3668 946 3729 his
975 3669 1091 3730 duobus
1120 3671 1196 3732 locis
1226 3670 1359 3750 pristina

112 3781 210 3842 forma
237 3780 398 3841 etiamtum
428 3785 609 3844 conservata
638 3786 719 3856 erat,
757 3781 830 3860 quia
857 3769 877 3866 ἦ
905 3801 959 3860 pro
987 3781 1139 3860 particula
1161 3771 1181 3866 ἦ
1202 3787 1359 3862 acceptum

112 3897 186 3954 erat.
231 3894 331 3971 Prope
363 3892 536 3955 necessaria
569 3897 618 3954 est
650 3893 748 3956 forma
780 3881 800 3979 ἦ
834 3914 871 3954 ex
901 3894 963 3955 alia
990 3914 1083 3956 causa
1105 3893 1140 3955 0.
1163 3893 1197 3956 C.
1221 3893 1292 3955 768.
1316 3929 1357 3939 -

111 4004 338 4068 Grammaticus
360 4005 394 4066 in
416 4003 552 4066 Crameri
574 4004 687 4068 Anecd.
710 4005 804 4068 Onon.
827 4006 886 4068 voL
908 4006 926 4067 Ι
947 4026 976 4085 p.
1000 4007 1075 4083 226,
1099 4007 1118 4068 6
1141 4005 1214 4085 (frg.
1236 4006 1300 4067 467
1324 4005 1357 4087 b)

110 4118 188 4182 dicit
210 4119 299 4179 haec:
336 4112 455 4192 κλείοι,
476 4107 559 4203 ὅπερ
581 4115 615 4182 oi
634 4108 738 4193 ’λωνες
760 4103 844 4205 κλῄω
868 4114 926 4183 διὰ
947 4117 1005 4184 τοῦ
1028 4141 1047 4203 η
1069 4114 1127 4184 καί
1149 4114 1357 4200 Θουκυδίδης

110 4229 164 4292 καί
183 4281 185 4285 .
201 4226 364 4315 τραγικοὶ,
404 4226 461 4292 καὶ
494 4228 669 4314 Σοφοκλῆς
704 4225 739 4291 ἐν
771 4220 942 4310 Μοίντεσι·
990 4231 1101 4316 Ψυχῆς
1137 4219 1263 4309 ἀνοῖξαι
1294 4222 1357 4314 τήν

111 4337 302 4426 κεκλῃμένην
332 4333 438 4425 πύλην
470 4341 578 4420 (codex
608 4336 849 4426 κεκλισμένην),
882 4337 914 4407 οἱ
943 4339 1087 4424 κωμικοί
1119 4338 1156 4408 δὲ
1185 4331 1243 4405 dcci
1275 4341 1357 4428 διφ-

111 4446 243 4542 θίιχχοο.
278 4453 341 4518 cfr.
363 4453 495 4519 Photius
522 4475 553 4536 p.
576 4454 655 4532 168,
695 4455 735 4517 13
769 4453 885 4541 κλῇσαι
909 4451 944 4522 σί
968 4450 1099 4540 ἀρχαῖοι
1123 4449 1285 4540 λέγουσιν,
1316 4447 1357 4521 οὐ
