2956 4934
710 327 751 388 21

629 430 834 444 -ΛΛΛΑΛΛΛΛΛΛΛΛΛΛ

198 560 244 622 Ut
262 550 303 622 ἀν
325 580 415 640 ssepe
432 581 499 622 cum
512 561 606 623 verbo
628 559 806 638 insequente
819 557 1016 638 coniungitur
1030 561 1072 637 (v.
1085 578 1178 638 supro
1194 550 1359 646 ἀναθρῶν,

112 663 288 759 ἀμφέρειν,
311 663 446 756 ἀνῆγον,
473 659 555 756 μάν;
587 667 623 734 0.
645 669 683 733 n.
707 669 792 732 1348
822 691 883 732 non
911 661 1050 753 μηδαμά
1077 666 1198 754 γνῶναί
1222 665 1297 736 ποτ’
1319 664 1360 737 ἀν

111 804 178 847 cum
200 784 341 846 Dobroeo
365 782 450 862 [libri
473 783 587 844 habent
607 773 684 866 μηδ’
707 775 919 866 ἀναγνῶναί],
950 782 1004 842 sed
1030 773 1154 864 μρδάμ’
1178 773 1217 845 ἀν
1238 781 1360 868 γνῶναί

112 917 191 960 ποτε
212 896 374 974 legendum
396 898 533 973 censeo),
561 894 607 955 ite
628 883 668 956 ἀν
690 894 860 955 seiunctum
882 892 1019 972 corrupit
1039 892 1112 955 Aer.
1134 913 1162 957 ο.
1187 894 1237 956 70.
1281 896 1360 958 Nem

111 1009 218 1087 procul
246 1007 339 1068 dubio
368 1007 401 1068 in
430 1001 510 1087 ἐμοῦ
540 996 567 1089 γ’
589 996 629 1071 ἀν
660 995 765 1090 ἡδέως
795 1005 911 1085 aliquid
941 1006 1041 1067 inesse
1070 1004 1177 1085 debet,
1213 1006 1293 1084 quod
1322 1008 1360 1068 ud

112 1119 302 1199 Antigonam
324 1122 459 1197 spectet,
487 1117 520 1179 id
542 1117 621 1197 qued
643 1117 677 1178 in
698 1117 763 1178 iilis
785 1117 890 1179 verbis
918 1137 1005 1183 nemo
1026 1137 1137 1198 ponere
1166 1120 1271 1197 potest
1297 1118 1360 1180 nisi

112 1231 161 1292 cui
184 1231 286 1292 omnia
309 1251 346 1290 ex
367 1229 528 1292 voluntate
550 1229 750 1309 interpretari
771 1228 852 1291 licet
896 1228 1091 1309 Quapropter
1112 1228 1260 1291 Lehrsius
1282 1228 1361 1290 illud

113 1336 219 1427 ἡδέως
241 1363 278 1404 ox
300 1343 486 1421 glossemate
515 1361 607 1419 supra
637 1331 780 1424 ἀσμένης
809 1340 925 1419 scripto
956 1346 1056 1404 ortum
1086 1340 1268 1415 arbitretur,
1302 1360 1360 1418 quo

113 1455 194 1517 nihil
217 1455 317 1534 magis
340 1453 463 1516 dubium
484 1457 540 1514 est.
573 1453 778 1532 Aptissimum
800 1452 871 1514 huic
892 1453 959 1516 loco
979 1454 1160 1515 vocabulum
1181 1453 1361 1532 producitur

113 1589 148 1628 ex
176 1567 350 1629 coniunctis
379 1557 419 1630 ἀν
450 1557 555 1651 ἡδέως
584 1564 602 1624 i.
626 1584 649 1625 e.
679 1551 880 1647 ἀμνήμονος,
910 1564 989 1625 unde
1022 1585 1090 1625 cum
1118 1554 1158 1628 ἀν
1189 1564 1361 1626 seiunctum

114 1684 203 1754 esset,
226 1679 362 1756 reliquae
391 1679 500 1739 literae
522 1676 555 1737 in
575 1676 756 1740 vocabulum
777 1680 928 1755 utcunque
951 1676 1055 1737 sensui
1077 1681 1109 1738 et
1129 1677 1231 1738 literis
1254 1682 1357 1758 aptum

115 1794 269 1853 correctae
291 1793 369 1851 sunt.
409 1789 496 1851 Dicit
516 1793 616 1850 sutem
633 1787 793 1867 Antigona
815 1807 834 1848 a
855 1808 888 1848 se
910 1787 1034 1849 etiamsi
1046 1789 1168 1849 Ismene
1189 1789 1273 1851 socie
1295 1811 1362 1851 esse

114 1903 206 1977 velit,
229 1903 361 1981 priorem
378 1903 487 1981 plenae
504 1899 681 1963 concordiae
700 1899 916 1962 conscientium
932 1896 1047 1962 abfore.
1080 1900 1198 1979 (Etiam
1212 1898 1362 1962 111141

114 2012 262 2102 ἀνεῦρες,
299 2018 334 2075 ut
365 2013 525 2093 Aristoph.
556 2012 632 2074 th.
662 2012 758 2088 1037,
799 2012 1005 2088 scribendum,
1044 2033 1105 2076 non
1133 2016 1263 2091 utroque
1294 2013 1361 2076 loco

114 2121 255 2213 ἀνεῦρες,
277 2111 443 2208 ε’νεάρνμεν
464 2123 676 2203 corrigendum
697 2124 840 2203 videtur).
865 2162 906 2171 —

203 2235 253 2298 As.
276 2233 361 2298 1157
397 2225 465 2319 ὁρῶ
497 2231 531 2298 δέ
560 2232 616 2299 roe'
646 2257 694 2298 νιν
724 2256 832 2298 sensus
859 2238 998 2317 postulet
1024 2231 1072 2302 ἔτι
1099 2237 1119 2299 i.
1149 2259 1173 2299 e.
1200 2236 1361 2318 legendum

115 2339 193 2432 δρᾶν
216 2346 246 2413 δ’
270 2342 315 2413 ἔτ’
337 2339 453 2428 οἶμαι,
483 2348 563 2426 quod
591 2368 684 2408 unum
711 2354 816 2428 optum
838 2354 892 2410 est
935 2351 1014 2412 Nem
1037 2351 1160 2425 Teucer,
1183 2349 1211 2410 si
1232 2371 1266 2411 re
1288 2371 1362 2411 vera

114 2461 200 2522 illum
223 2459 374 2522 homiuem
395 2459 496 2534 videt,
518 2479 579 2520 non
600 2464 703 2538 potest
725 2460 827 2522 dicere
848 2453 963 2525 κάστιν
985 2450 1032 2534 οἷς
1054 2455 1131 2540 ἐμοὶ
1155 2459 1250 2523 δοκεῖ.
1274 2495 1316 2504 -

199 2571 247 2636 It.
270 2572 356 2635 1190
383 2573 457 2634 libri
486 2574 599 2634 hubent
626 2567 688 2637 ἀνά
711 2567 771 2638 τάν
799 2561 929 2658 superq
956 2570 1092 2658 Τροίαν,
1120 2572 1260 2634 nonnulli
1286 2573 1362 2635 libri

113 2683 278 2746 deteriores
300 2672 498 2768 ἠνεμόεσσαν
520 2689 590 2763 post
616 2682 749 2768 Τροίαν.
792 2685 852 2747 Hic
873 2687 958 2747 loous
982 2685 1128 2763 quomodo
1150 2688 1288 2746 tentatus
1310 2685 1360 2760 sit,

112 2798 199 2860 vides
235 2796 316 2876 opud
348 2796 612 2858 Schneidewinnm
649 2802 681 2859 et
713 2798 753 2858 Μ.
789 2797 981 2877 Seyffertum.
1035 2797 1095 2859 Hio
1129 2796 1209 2875 quod
1240 2797 1361 2859 invenit

114 2901 231 2972 ἀναεσν
243 2904 387 2994 tepesco
403 2904 517 2995 Τροίᾳ,
539 2908 573 2969 id
594 2909 717 2970 minime
728 2911 883 2989 probetur.
912 2910 944 2970 Is
957 2910 1042 2972 locus
1053 2909 1228 2971 certissime
1241 2908 1361 2970 retione
1425 2983 1440 2993 ,

114 3020 268 3083 emendari
290 3024 395 3098 potest
417 3040 454 3082 ex
476 3021 584 3099 fragm.
605 3021 669 3082 496
693 3020 830 3104 Σκῦρος,
853 3019 952 3106 νῆσος
973 3011 1010 3106 ἣν
1033 3011 1052 3083 ὁ
1077 3024 1170 3093 θεῖος
1190 3018 1361 3105 Σοφοκλῆς
1414 3006 1416 3011 ’

114 3120 287 3213 ἀνεμώδεα
309 3131 414 3195 καλεῖς
448 3132 640 3194 scribendum
663 3127 711 3194 ἀν’
734 3118 907 3210 ἀνεμώδεα
934 3127 1074 3216 Τρωΐαν,
1097 3152 1155 3210 quo
1177 3131 1247 3211 ipse
1267 3131 1361 3192 inter·

114 3245 249 3322 protetio
278 3231 476 3328 ἦνεμδεσσαν
504 3245 590 3306 ducit
620 3245 688 3322 (cfr.
711 3243 822 3304 Treeh.
846 3243 908 3304 326
932 3231 1061 3328 πάνραν
1084 3231 1236 3328 ἀνήνεμον
1266 3244 1361 3306 schol.

115 3350 249 3444 ipppev',
280 3344 427 3442 ὑψηλήν,
456 3347 492 3442 ἢν
508 3349 647 3443 Ὅμηρος
675 3343 873 3441 ἠνεμόεσσάν
897 3358 1021 3442 φησιν).
1066 3356 1149 3417 Huec
1179 3359 1281 3420 eutem
1308 3377 1360 3420 no-

115 3469 193 3530 tatio
219 3468 331 3531 Troiae
360 3469 473 3548 optime
502 3469 645 3531 convenit
676 3467 814 3548 querenti
844 3469 944 3531 choro.
988 3468 1088 3542 Quum
1117 3467 1216 3548 igitur
1244 3466 1292 3533 ἀν’
1322 3466 1363 3534 ἀν

116 3582 249 3643 chiisset
269 3580 303 3642 in
326 3571 388 3645 ἀνά
410 3573 487 3656 τάν,
516 3581 650 3660 reliquae
678 3571 788 3643 literae
818 3567 949 3661 εμεδδεα
971 3563 1074 3660 aliquo
1099 3581 1188 3644 medo
1210 3586 1363 3645 correctos

116 3699 195 3756 sunt.
220 3728 260 3738 —

201 3804 274 3868 Aet.
297 3803 361 3866 578
384 3807 424 3866 Μ.
448 3805 619 3884 Seyffertus
642 3805 777 3884 speciose
800 3806 987 3886 scripturam
1009 3804 1124 3868 codicis
1145 3801 1181 3868 ἐκ
1204 3801 1240 3869 δὲ
1263 3805 1363 3870 τᾶσδε

116 3917 249 3982 mutavit
270 3917 304 3978 in
325 3907 361 3980 εὖ
384 3909 480 3988 δεοάς
505 3914 554 3996 ot,-
586 3918 640 3980 sed
661 3923 765 3980 temen
787 3922 819 3978 et
841 3917 948 3980 edicet.
971 3919 1095 3980 verbale
1124 3906 1219 3990 δετάς
1247 3919 1363 3996 aliquid

117 4031 253 4111 suspecti
274 4031 368 4091 hebet
389 4050 485 4108 nequo
506 4050 639 4110 unquam
656 4032 687 4092 K
709 4031 781 4092 etY
799 4034 1005 4109 permutatum
1026 4031 1100 4093 vidi.
1133 4029 1263 4093 Accedit
1286 4032 1364 4109 quod

119 4139 180 4207 δέω
200 4162 308 4222 parum
322 4142 466 4206 convenit
480 4142 551 4204 huic
567 4143 621 4204 rei.
652 4143 753 4216 Quare
769 4141 961 4204 scribendum
972 4141 1049 4204 mihi
1060 4141 1183 4203 videtur
1193 4138 1364 4228 εἱρμμὲνας

120 4251 154 4319 δὲ
176 4245 236 4342 χρὴ
259 4257 412 4337 γυναῖκας
433 4243 519 4319 εἶναι
540 4245 641 4318 τάσδε
662 4250 740 4337 μηδ’
763 4249 991 4334 ἀνειμένας.
1013 4288 1056 4300 -

207 4365 319 4430 itaet.
334 4365 398 4429 716
420 4361 557 4455 φθείρει
577 4357 619 4432 τά
641 4367 752 4432 πάντα
773 4354 914 4430 κνώδαλ’
937 4366 1086 4430 articulus
1107 4357 1149 4430 τά
1170 4367 1243 4445 post
1257 4351 1365 4452 ὦνπερ

121 4512 161 4526 —
182 4501 254 4542 nam
276 4479 439 4542 manifeste
470 4465 600 4567 χάνσερ
632 4499 700 4542 cum
721 4478 928 4545 Weekefieldo
957 4499 1014 4558 pro
1047 4473 1075 4557 χ’
1097 4469 1213 4562 ὥσπερ
1233 4474 1370 4539 seriose.-
