2956 4934
679 292 721 354 39

598 394 804 411 mmmm

76 524 117 586 ib.
141 523 256 598 1104,
272 525 328 585 ubi
356 524 502 586 librarius
524 528 650 603 propter
672 524 904 587 similitudinem
926 526 1089 586 verborum
1111 525 1149 585 ab
1173 514 1325 589 οἷνοίσσιον

77 635 117 696 ad
137 632 241 698 ναίων
264 635 427 711 aberravit,
449 640 486 696 ut
505 637 601 698 verba
616 631 685 700 r'c'tl'
704 626 722 700 ὁ
739 639 890 714 βακχεῖος
904 632 983 706 θεὸς
1000 631 1100 698 ναίων
1117 634 1274 698 omitteret
1286 668 1326 681 -

76 746 122 809 sio
144 746 228 808 enim
256 765 307 808 res
336 747 516 826 explicanda
546 750 668 808 est-
701 745 830 825 Aliquid
859 745 1041 825 praecipuae
1068 744 1255 806 calamitatis
1277 745 1326 808 El

78 858 297 921 1427-1432
320 862 353 921 et
373 858 408 920 Ο.
427 859 459 922 O.
481 859 563 922 iuter
586 859 648 920 183
672 863 705 920 et
728 858 792 920 184
812 858 863 921 vel
884 859 1052 937 archetypo
1074 861 1249 920 nostrornm
1269 857 1327 920 lih-

76 991 181 1034 rorum
208 971 259 1033 vel
287 971 437 1051 superiori
465 971 545 1035 libro
575 971 724 1034 accidisse
744 970 875 1034 videtur.
914 969 976 1032 cfr.
999 969 1033 1032 Ο.
1056 969 1089 1032 O.
1120 969 1202 1030 1491
1235 973 1328 1049 „post

77 1071 252 1168 ἑπιγόαλσν
284 1083 425 1145 relictum
458 1085 592 1163 epatium
628 1104 682 1146 sex
711 1083 763 1147 vel
792 1087 860 1145 octo
889 1082 1068 1144 literarum“
1099 1085 1132 1143 et
1158 1081 1207 1143 El
1232 1081 1327 1158 1432,

77 1215 168 1272 quem
195 1195 258 1256 iam
288 1196 400 1257 Saldae
428 1217 452 1258 s.
474 1218 503 1259 v.
532 1190 727 1284 προάστειον
755 1215 894 1258 mancum
921 1195 1036 1274 legisse
1063 1194 1194 1257 videtur.
1238 1193 1327 1268 Quod

77 1309 182 1366 antem
210 1311 283 1367 sunt
311 1307 421 1386 quihus
452 1307 612 1370 molestum
639 1307 780 1370 videatur
811 1306 944 1386 aliquem
972 1307 1071 1368 locum
1095 1305 1249 1385 ,stellulis
1282 1305 1326 1368 iu·

78 1417 243 1490 lustrare“,
265 1417 290 1478 ii
311 1422 384 1478 sunt
406 1416 602 1493 admonendi,
624 1418 776 1480 defectum
797 1438 939 1482 versuum
960 1418 1009 1479 ΕΙ.
1030 1417 1051 1478 L
1068 1439 1092 1480 o.
1115 1416 1326 1480 abErfurdtio

77 1529 164 1606 (post
188 1526 297 1606 1427),
320 1529 456 1592 Seidlero
480 1533 564 1609 (post
587 1529 694 1607 1429),
716 1529 871 1592 Brunckio
894 1529 1017 1608 (1432),
1040 1530 1082 1591 ih.
1105 1534 1177 1609 post
1200 1530 1285 1591 1264
1306 1551 1326 1591 a

77 1638 250 1710 Brnnokio,
273 1639 308 1701 0.
330 1641 363 1703 O.
385 1642 406 1702 l.
427 1663 452 1704 o.
475 1643 514 1703 ab
536 1642 710 1704 Hermanno
732 1677 776 1689 -
798 1641 934 1703 ordinem
956 1661 1100 1704 versuum
1121 1642 1230 1704 melius
1250 1645 1326 1706 Her-

77 1771 188 1812 manno
209 1749 410 1831 descripsisse
433 1752 724 1815 videturNauohius
746 1789 783 1798 -
802 1753 903 1813 minus
925 1752 1029 1814 verbis
1052 1756 1084 1814 et
1104 1755 1326 1816 sententiarum

77 1885 172 1940 nexu,
203 1884 294 1944 qnam
322 1884 384 1926 una
414 1865 533 1928 ratione
562 1866 789 1945 antistrophica
817 1869 849 1926 et
870 1867 967 1928 metro
996 1864 1148 1928 detectum
1170 1886 1255 1941 esse,
1289 1872 1326 1928 ut

77 1976 271 2039 metuendum
293 1977 351 2053 sit,
380 1997 419 2040 na
440 1978 533 2040 etiam
555 1979 643 2053 alibi,
666 1979 720 2041 uhi
742 1957 820 2040 illud
841 1977 989 2039 auxilium
1014 1996 1076 2039 non
1104 1979 1256 2058 suppetit,
1282 1979 1325 2041 la·

76 2110 173 2153 ornae
183 2089 312 2151 lateant.
324 2091 438 2169 'Neque
449 2111 552 2154 omues
564 2090 738 2170 putaverim
747 2110 943 2153 concessuros
954 2090 1059 2166 fuisse,
1077 2094 1149 2169 post
1157 2087 1229 2153 Aac.
1240 2087 1325 2154 1166

77 2220 199 2265 versum
205 2201 371 2278 interiisse,
386 2203 449 2267 nisi
461 2200 572 2289 ἀγαθῇ
583 2197 662 2288 τύχῃ
672 2203 851 2266 Athenaeus
865 2208 897 2266 et
906 2204 1091 2268 Eustathius
1106 2204 1193 2266 illum
1203 2226 1324 2268 versum
1345 2249 1347 2253 «

75 2314 193 2393 (1167)
203 2320 446 2377 conservassent.
476 2316 668 2401 Hartungius
680 2317 801 2395 quidem
816 2317 949 2379 offensus
964 2318 1057 2379 verbo
1070 2312 1194 2398 τίθημι
1207 2337 1231 2378 ο.
1241 2316 1325 2383 infin

75 2427 247 2502 maiunoto,
260 2425 414 2506 singulari
424 2427 538 2492 τοῦτον
552 2432 624 2507 post
633 2429 781 2508 pluralem
793 2421 917 2516 ἄνδρες,
932 2428 1036 2491 verbis
1053 2421 1203 2512 ἔμψυχος
1215 2415 1326 2510 νεκρός

75 2536 253 2617 repudiavit
264 2537 344 2600 huno
355 2557 485 2615 versum,
497 2539 551 2600 sod
561 2538 641 2600 nihil
654 2539 759 2602 effecit
771 2539 901 2624 (aliquid
916 2538 1149 2617 probabilitatis
1164 2539 1276 2599 habeat
1287 2559 1325 2600 ox

79 2647 265 2710 scholiastae
294 2648 492 2713 adnotatione
520 2651 695 2714 coniectura
723 2648 779 2713 καὶ
806 2643 866 2735 γὰρ
896 2642 1012 2734 ἡδοναὶ
1043 2634 1079 2712 ὃν
1101 2636 1141 2711 lv
1163 2647 1325 2734 προδῶσι,

80 2747 277 2846 ζῶντοὶγόὐ
291 2752 492 2848 τίθημ’ἐγώ,
515 2763 570 2826 sed
591 2783 646 2843 per
666 2762 763 2827 libros
785 2783 847 2825 non
867 2762 942 2824 licet
962 2760 1009 2821 ita
1021 2759 1169 2835 scrihere;
1192 2764 1326 2822 ceterum

79 2872 134 2935 oin
156 2872 199 2936 m
221 2873 367 2954 Seyfferti
387 2873 513 2958 adnot).
545 2876 627 2938 Illud
648 2895 721 2939 vero
751 2875 886 2954 adparet,
909 2873 1004 2934 multo
1027 2871 1127 2934 minus
1149 2873 1188 2934 ah
1211 2873 1270 2935 hao
1291 2892 1326 2934 re

80 2985 220 3050 laborare
239 2987 337 3049 libros
358 2987 519 3067 Sophoclis
542 3008 632 3067 quam
653 2987 822 3066 Euripidis.
864 2987 990 3049 Marcus
1012 2990 1114 3048 autem
1136 2990 1184 3047 est
1204 2989 1326 3065 praeter

80 3119 139 3175 eos,
151 3119 228 3178 quos
240 3098 407 3161 adtulimus
418 3100 509 3175 locos,
520 3100 600 3162 liber
611 3099 771 3179 Sophoclis
781 3098 856 3161 Ant.
868 3100 938 3174 112,
951 3098 1102 3178 quodiam
1114 3097 1324 3176 supra(p.32)

80 3211 321 3286 memoravimus,
343 3212 394 3277 Ai.
407 3213 483 3287 936,
508 3209 544 3275 O.
556 3209 591 3274 0.
605 3209 670 3272 882
684 3203 779 3290 (Ζεὺς
799 3200 868 3275 οἶδε
887 3209 1001 3284 τοῦτο,
1024 3214 1059 3270 ut
1081 3208 1181 3272 simile
1201 3207 1325 3271 initium

80 3335 173 3387 cansa
194 3324 359 3387 omittendi
380 3324 477 3386 fuisse
497 3324 674 3401 videatur),
699 3323 782 3383 1499
806 3322 890 3401 (vide
913 3342 1006 3400 supra
1021 3341 1049 3400 p.
1065 3321 1136 3398 31),
1159 3320 1209 3381 ΕΙ.
1233 3319 1326 3395 1283,

81 3437 114 3500 0.
135 3440 175 3500 R.
197 3438 277 3513 214,
300 3439 372 3500 996.
394 3473 438 3486 -
466 3439 631 3499 Praeterea
652 3456 712 3497 una
734 3437 861 3497 lacunae
882 3434 1015 3514 suspicio
1038 3433 1236 3514 plurimorum
1257 3453 1326 3496 oon·

80 3570 171 3613 sensu
199 3551 396 3629 comprobata
425 3553 486 3624 est,
515 3548 683 3611 Hermanni
712 3549 748 3610 de
770 3547 849 3610 Phil.
873 3545 958 3609 1252
989 3548 1056 3626 (cfr.
1078 3546 1199 3609 Bonita
1221 3545 1325 3624 Symh.

81 3663 149 3725 crit.
171 3664 188 3726 I
209 3683 238 3743 p.
262 3663 413 3741 54-57).
456 3663 534 3725 Nam
565 3661 711 3740 quidquid
741 3661 778 3722 dc
804 3661 945 3724 versibus
974 3659 1209 3738 transponendis
1237 3659 1326 3736 (Har-

80 3795 209 3837 mannus
230 3774 353 3854 ipsein
374 3774 419 3835 ed.
441 3774 461 3834 2
484 3777 515 3835 et
537 3772 801 3849 Schneidewiuus;
832 3772 935 3852 inepte
950 3773 985 3833 B.
999 3770 1129 3834 Todtius
1148 3769 1232 3830 1252
1254 3772 1326 3848 post

81 3888 165 3950 1290
187 3885 343 3950 conlocari
363 3885 432 3949 vult
460 3885 507 3947 ita
528 3889 679 3947 mutatum
701 3880 775 3948 ἀλλ’
798 3879 871 3949 οὐδὲ
895 3905 949 3946 πον
975 3885 1029 3960 -)
1051 3883 1102 3944 vel
1123 3880 1260 3942 delendis
1286 3912 1323 3924 -

80 3999 254 4064 Wunderus
280 4020 309 4061 v.
334 3998 417 4060 1253
447 3997 563 4061 delevit
585 4031 626 4044 ·-
650 3997 918 4076 excogitaverunt,
949 3995 1040 4058 inane
1068 4015 1238 4073 vanumque
1267 3997 1324 4056 est.

81 4092 159 4175 Sane
181 4111 285 4174 hiatus
307 4109 478 4172 sententiae
500 4113 561 4184 est,
596 4109 649 4170 sed
678 4108 729 4170 hio
756 4108 861 4169 hiatus
889 4127 950 4169 non
972 4107 1089 4181 verbis,
1123 4105 1177 4169 sad
1205 4104 1325 4168 actione

81 4224 234 4304 expletum
264 4241 335 4282 nam
362 4225 436 4301 post
456 4222 551 4283 verba
571 4219 763 4299 Neoptolemi
786 4240 815 4280 v.
839 4219 921 4280 1251
945 4217 1053 4282 Ulixes
1076 4222 1197 4296 gestum
1218 4235 1325 4277 manus

81 4334 157 4397 iacit
182 4353 364 4412 manumque
390 4331 493 4412 gladio
524 4331 678 4408 admovet,
707 4331 741 4393 id
762 4330 842 4410 quod
868 4333 976 4410 postea
1007 4329 1108 4408 (1254
1128 4327 1188 4412 sq.)
1220 4330 1325 4405 aperte

82 4445 244 4526 eloquitur.
267 4478 307 4491 -·
708 4472 710 4476 ⁷
