2956 4934
768 289 810 350 34

265 521 375 586 Τιόσλ.
395 521 481 586 1179
503 521 618 610 ταρβῶ
638 518 697 602 μὲν
719 514 753 592 ἐς
777 512 869 605 λόγου
890 505 1007 584 στάσιν
1028 506 1152 583 τοιάνδ’
1175 505 1331 584 ἐπελθών
1353 538 1423 580 eon·

174 636 277 697 ferunt
287 635 471 716 interpretes
494 635 528 697 0.
539 637 577 696 R.
595 634 659 696 634
670 628 703 698 τί
714 623 771 717 τὴν
784 623 926 713 άβουλον
946 621 1060 697 στάσιν
1074 618 1221 716 γλώσσης
1236 623 1423 718 ἐπηρασβτ,

175 753 209 808 at
230 749 299 827 quis
320 769 382 811 non
403 748 496 824 videt,
519 747 593 827 quid
614 746 739 808 differat
760 745 842 807 inter
863 748 1023 821 utrumque
1045 743 1165 805 laeum?
1198 741 1281 817 Quid
1302 748 1423 805 eontra·

175 858 292 921 versiae
323 861 392 922 Ιοοο,
412 861 540 935 Traeh.,
574 880 643 920 eum
663 859 811 921 Hercules
844 857 924 917 nihil
956 855 1040 916 aliud
1070 875 1161 934 quam
1194 856 1423 919 sollicitam

175 971 355 1050 anxiamque
370 970 429 1032 filii
451 971 802 1052 exspectationem·
819 966 1010 1029 intenderit?
1040 965 1271 1029 Emendamlum
1283 961 1317 1039 ἐς
1327 959 1423 1050 λόγου

173 1072 291 1160 τάσιν,
323 1083 402 1163 quod
431 1085 459 1145 is
487 1083 657 1145 scholiasta
682 1082 796 1161 legisse
817 1080 954 1155 videtur,
989 1080 1042 1158 qui
1067 1081 1167 1142 locum
1194 1079 1419 1159 interpretatus

173 1201 222 1258 est
244 1197 302 1258 sie:
326 1187 528 1276 εὐλαβοῦμαι
550 1191 609 1274 μὲν
631 1191 679 1266 εἰς
701 1181 855 1276 τοιαύτην
876 1182 1013 1272 ὁμιλίαν
1035 1183 1143 1268 ἐλθιβν
1166 1182 1284 1276 μηοῦχ
1303 1180 1421 1280 αἱρετά

174 1330 234 1390 μοι
256 1305 486 1394 προτείνῃς
507 1307 649 1387 ignorata
669 1307 704 1369 vi
721 1306 811 1368 roais
832 1300 935 1378 τάσις.
960 1340 998 1350 -

261 1419 312 1485 El.
327 1419 411 1482 1336
433 1420 495 1481 diei
516 1441 576 1481 non
597 1440 687 1499 posse
710 1410 882 1504 ἀπλήστου
903 1416 986 1504 βοῆς
996 1416 1167 1479 Meinakius
1181 1417 1215 1478 in
1225 1416 1318 1479 Amal.
1330 1417 1422 1498 Soph.

176 1533 215 1594 ad
236 1535 266 1593 h.
288 1534 309 1594 l.
332 1531 458 1593 monuit.
490 1531 560 1594 Non
581 1552 649 1593 eum
670 1552 705 1593 eo
727 1530 907 1592 correxerim
923 1521 1104 1606 ἀπαύστου,
1126 1529 1179 1591 sed
1200 1517 1346 1614 άλῆκιου
1368 1531 1428 1591 ela·

177 1645 261 1707 1312
283 1631 408 1728 ἐκληξιο
431 1644 655 1708 satellitem
677 1665 703 1707 π
725 1664 820 1705 erasa.
863 1644 910 1704 De
933 1634 1068 1761 άληιιτρς
1089 1645 1144 1705 afr.
1166 1644 1276 1705 Traeh.
1299 1643 1420 1704 985.-

557 1821 561 1826 ’
617 1838 653 1907 b.
684 1835 984 1924 Dittographiae.

262 1979 394 2054 literae,
417 1979 561 2059 syllabae,
583 1980 731 2043 voeabula
742 1977 846 2040 eadem
866 1982 938 2057 post
955 1977 1064 2052 eadem,
1086 1976 1202 2039 similia
1219 1981 1291 2056 post
1308 1977 1424 2039 similia

175 2096 211 2153 ut
232 2090 363 2166 omissa,
397 2091 444 2152 ita
472 2111 561 2171 saepe
591 2091 710 2153 adiecta
731 2096 805 2152 sunt
825 2093 881 2154 afr.
903 2091 937 2152 Ο.
960 2090 993 2153 O.
1018 2089 1080 2151 353
1103 2080 1251 2175 πρόσθεν
1272 2093 1423 2176 προσθετ

176 2203 274 2265 altero
296 2208 447 2289 προσβεν
468 2203 592 2282 penatis
613 2208 730 2279 notato,
752 2204 816 2264 895
839 2194 1091 2278 άποποσπάσας
1113 2201 1212 2264 altera
1234 2201 1424 2280 syllabam

175 2314 293 2376 duobus
314 2315 452 2395 punctis,
483 2317 568 2378 1184
596 2309 652 2382 τὸν
674 2308 728 2381 τὸν
758 2316 859 2396 priore
880 2307 933 2380 τὸν
955 2316 1057 2377 tribus
1078 2314 1200 2394 punctis
1223 2317 1332 2376 notato
1354 2314 1424 2392 (afr.

176 2427 354 2509 111165),
376 2428 423 2489 ita
438 2428 597 2490 0.R162
620 2420 661 2491 lei
686 2421 727 2493 lai
750 2449 780 2508 p.
802 2420 862 2508 ἰοὶ,
886 2428 947 2489 793
970 2417 1088 2492 τοτ’του
1109 2447 1196 2489 eraso
1217 2413 1274 2493 τοά
1297 2447 1327 2506 p.
1344 2425 1421 2505 τοῦ;

179 2539 262 2600 1046
292 2530 353 2625 γάρ
381 2528 489 2627 ἄριστ’
517 2559 547 2618 p.
574 2529 600 2624 γ’
630 2528 753 2624 άριστ’,·
787 2539 871 2601 1115
893 2529 1017 2623 sirleti
1046 2560 1076 2620 p.
1105 2538 1144 2625 τῇ
1165 2531 1211 2620 δ’;
1244 2536 1278 2599 0.
1301 2535 1335 2598 C.
1359 2537 1422 2599 172

176 2642 256 2716 κούκ
278 2638 454 2728 ἀκούοντας
474 2671 503 2730 p.
525 2638 739 2730 κάκοάοντας;
766 2650 850 2712 1125
874 2638 969 2716 τοῦτό
991 2641 1018 2734 γ’
1040 2671 1069 2730 p.
1085 2639 1124 2714 τό
1147 2641 1185 2734 γ’,
1208 2649 1292 2712 1697
1315 2637 1353 2734 ἦν
1371 2668 1424 2721 τις

174 2751 212 2846 ἦν
240 2783 269 2841 p.
291 2751 329 2846 ἦν
351 2783 401 2834 τις
431 2763 485 2824 afr.
515 2762 625 2825 'sraela
655 2761 719 2823 830
749 2750 800 2827 ἔτι
830 2759 911 2826 ποτέ
942 2752 984 2826 ἔτ’
1017 2756 1180 2825 ἐπίπονον
1209 2781 1238 2840 p.
1267 2753 1318 2825 ιἰἰι
1347 2751 1425 2824 ποτ’

175 2869 345 2939 ἐπίπονον.
389 2876 452 2937 Nee
481 2895 569 2936 seeus
599 2875 632 2937 0.
656 2874 689 2937 0.
720 2875 780 2936 121
816 2863 941 2941 eloai
973 2864 1073 2939 αὐτόν
1108 2877 1283 2954 corruptum
1310 2877 1359 2935 est
1387 2893 1426 2935 ex

175 2977 283 3051 λεῦσσ’
305 2977 418 3067 αὐτὸν,
441 2986 521 3067 quod
543 2987 580 3049 de
605 2987 706 3067 priore
727 2987 896 3050 Hermanni
917 2987 1093 3050 eonieetura
1113 2985 1423 3066 recepitMeinakius.

174 3080 309 3180 Egregie
329 3098 483 3179 Bergkius
504 3098 579 3161 Ant.
603 3100 687 3160 1150
719 3086 898 3186 ποφάιηβι
920 3094 1063 3179 Ναξίοις
1084 3101 1157 3170 σαῖς
1186 3097 1361 3162 emendavit
1391 3099 1426 3161 in

174 3197 370 3298 προφάνηθ’
393 3201 481 3294 αἶναξ
492 3260 502 3292 ,
532 3215 624 3290 σαῖς,
653 3213 845 3275 Hermannus
866 3212 915 3274 El.
937 3211 1001 3272 852
1027 3200 1159 3290 ’άχαλων
1186 3209 1219 3271 in
1249 3201 1359 3276 eireirt.
1382 3248 1423 3260 --

173 3324 372 3388 Memorabile
393 3330 454 3401 est,
478 3325 558 3405 quod
580 3324 829 3388 Schneidewinus
851 3323 946 3398 vidit,
968 3323 1050 3385 Phil
1064 3321 1148 3383 1322
1171 3322 1358 3402 scripturam
1377 3324 1425 3386 La

174 3439 207 3497 et
227 3435 310 3498 Flor.
333 3458 351 3519 γ
372 3425 500 3502 εὔνοιαν
522 3456 575 3502 σοι
597 3433 698 3522 λέγων
720 3439 820 3498 ortam
841 3455 908 3497 esse
930 3455 967 3497 ex
987 3425 1116 3501 εὔνοιαν
1137 3435 1348 3516 superscripto
1371 3456 1423 3501 σοι

175 3547 208 3626 [i.
230 3567 254 3608 e.
276 3539 423 3626 εὕσοιαν)
445 3545 542 3635 λέγων
566 3551 635 3628 (afr.
657 3548 708 3610 Ai.
732 3549 773 3609 97
797 3543 891 3633 χέραι
913 3547 934 3609 i.
956 3567 981 3609 e.
1003 3543 1083 3636 χέρα
1104 3552 1137 3609 et
1157 3543 1254 3632 χτρλ).

261 3657 333 3721 Ant.
344 3657 407 3721 931
430 3647 594 3746 τοιγάρτοι
616 3648 739 3725 τούτοιν
760 3663 865 3725 τοῖσιν
887 3650 1020 3746 άγουσιν
1042 3659 1164 3722 videtur
1182 3651 1306 3725 τούτων
1324 3666 1425 3724 ortum

175 3791 242 3832 esse
264 3792 302 3833 ex
323 3771 455 3851 repetito
471 3793 522 3836 τοι
543 3775 574 3832 et
590 3771 767 3850 prenomine
782 3767 842 3847 νὶν,
866 3771 946 3852 quod
963 3775 1000 3833 ut
1015 3772 1168 3835 obiectum
1183 3772 1270 3836 verbi
1289 3764 1425 3856 άγυυσιν

174 3889 347 3964 exspectas:
370 3874 536 3970 τοιγάρτοι
557 3904 606 3947 νιν
628 3887 734 3948 τοῖσιν
756 3876 897 3968 ἄγουσιν.
922 3921 961 3932 -

261 3995 328 4058 Hae
350 3995 404 4058 via
425 3997 561 4058 membra
582 3995 714 4059 disieeta
734 3999 841 4075 poetae
863 3996 979 4076 conligi
999 3995 1184 4076 possuntin
1194 3995 1312 4077 fraym.
1330 3995 1424 4060 4615

176 4128 214 4170 ex
235 4108 341 4170 fabula
363 4103 526 4189 Ποιμὲνες
547 4108 678 4187 reliquo,
712 4107 792 4187 quod
813 4108 975 4188 desperant
995 4109 1173 4172 Dindorfius
1196 4113 1228 4170 et
1248 4109 1423 4173 Nauekius:

167 4211 256 4304 ’15ης
278 4213 402 4306 δήποτε
422 4208 626 4308 μηλοτρόφω
655 4211 783 4307 οἷγενναι
810 4211 850 4306 τὴ
879 4242 911 4285 τι
937 4216 996 4306 την
1020 4220 1077 4306 τῆς
1100 4212 1184 4306 ’15ης
1205 4214 1424 4308 τριολιήιπιον

175 4321 274 4420 ἅρμα.
317 4331 470 4395 Nimirum
491 4330 525 4393 in
547 4319 672 4418 δήποτε
692 4332 858 4413 repetitum
880 4336 929 4396 est
951 4332 1020 4418 δηπ
1049 4354 1087 4395 ex
1118 4332 1195 4416 6ης,
1224 4320 1423 4419 μηλοτρόφω

175 4444 281 4524 proeul
302 4444 394 4508 dubio
416 4448 465 4507 est
485 4434 712 4533 μηλοτρόφον,
732 4450 769 4508 ut
789 4445 883 4508 etiam
903 4435 1030 4532 ἆγενναι
1053 4445 1226 4509 certissima
1247 4445 1370 4509 ratione
1391 4445 1424 4508 in
