2956 4934
669 282 710 345 57

584 387 790 401 mm

64 517 202 597 σιω).
215 552 256 564 -
279 515 329 578 Εί.
342 514 428 580 1030
447 518 551 581 neseio
572 538 613 580 nn
633 539 689 598 pro
711 510 834 607 μακρὸς
855 518 1026 598 ponendum
1048 518 1092 580 sit
1113 510 1223 605 ἀρκῶν
1245 515 1314 603 (vel

63 622 180 718 eo-
198 663 241 676 -

151 760 186 822 0.
208 761 247 822 B.
271 759 335 822 654
362 781 404 842 με
433 760 514 846 δρᾶν
541 762 577 823 L.
600 761 782 840 Spengeliue
812 765 845 822 et
870 759 1027 824 Nanekiue
1056 765 1252 824 correxerunt
1279 761 1313 824 in

63 866 99 951 μ’
120 859 210 951 ὁρᾶν.
242 870 374 934 Constet
395 894 485 953 saepe
507 873 652 935 inlibris
675 894 746 935 mss.
769 872 849 960 δρᾶν
871 877 903 935 et
924 865 1005 959 ὁρᾶν
1023 873 1199 953 permutari.
1228 873 1313 936 Idem

63 983 169 1046 evenit
186 983 265 1046 Ρίιίί.
277 984 353 1066 929,
374 986 428 1048 nbi
449 1007 505 1066 pro
526 983 561 1067 μ’
573 978 660 1070 ὁρῶν
682 987 874 1049 scribendum
896 1010 938 1068 με
959 985 1055 1074 δρῶν,
1078 986 1158 1065 quod
1181 987 1313 1048 refertur

63 1097 104 1159 nd
121 1101 216 1160 verbe
235 1087 294 1163 oiri
310 1090 343 1178 μ’
355 1090 497 1184 εἰργάσω
515 1120 544 1160 v.
562 1099 728 1179 superioris
751 1098 880 1183 („quem
901 1098 1045 1165 iniuriam
1067 1099 1144 1161 mihi
1164 1099 1310 1175 intulisti,

64 1209 205 1271 intulisti
226 1210 304 1272 mihi
326 1211 504 1292 suppliei“).
519 1247 557 1257 -

155 1335 191 1402 0.
205 1336 238 1402 0.
259 1336 344 1402 1209
365 1339 400 1401 iu
421 1340 469 1402 La
491 1331 520 1404 δ’
542 1344 614 1420 post
634 1343 774 1421 κομπεῖν
797 1361 815 1400 e
838 1339 997 1403 diorthote
1018 1340 1182 1421 insertum3
1204 1344 1313 1421 posteo

66 1442 106 1516 σύ
129 1448 176 1528 δὲ,
198 1452 249 1514 eni
271 1452 510 1533 superscriptum
534 1448 570 1515 δέ
593 1471 630 1516 σε
652 1450 803 1536 (fortasse
823 1473 879 1532 pro
904 1448 940 1516 σὲ
963 1449 1015 1536 δὲ)
1038 1455 1077 1514 eb
1099 1453 1256 1516 diorthoto
1277 1457 1313 1516 nt

63 1562 201 1639 videtur,
224 1568 255 1626 et
277 1563 359 1639 σῶν,
383 1565 648 1645 quodSeriigerus
671 1564 803 1626 mutavit
824 1564 858 1626 in
876 1563 953 1641 σιὸς.
987 1564 1164 1628 Dindorfius
1186 1567 1313 1648 scripsit

66 1665 106 1739 od
129 1665 158 1739 δ’
181 1665 228 1738 dv
250 1674 319 1751 σιιῖς
339 1672 413 1740 ἴσθ’
425 1722 434 1752 ,
463 1676 543 1756 quod
570 1677 686 1756 reeepit
706 1675 878 1738 Meinekius
901 1697 1083 1755 quemquem
1111 1678 1140 1739 ei
1169 1678 1313 1758 displicet

64 1779 111 1854 dv
129 1786 197 1864 σῶς
209 1809 265 1868 pro
281 1787 348 1862 σῶς
365 1781 411 1850 ιὸν
429 1790 628 1851 oonloentnm.
658 1791 723 1851 Res
746 1789 837 1851 aliter
858 1809 890 1851 ee
912 1790 1024 1850 hebere
1034 1788 1166 1852 videtur.
1198 1792 1312 1852 Parum

64 1901 194 1965 eomiter
215 1900 292 1963 dieit
314 1902 451 1964 Theseus
473 1892 565 1982 ἅπαξ
590 1937 627 1946 -
652 1893 760 1989 χρῄζω
785 1893 908 1981 κλύειν,
937 1901 1155 1964 humanissime
1177 1923 1250 1964 vero
1280 1906 1313 1964 et

64 2013 222 2088 constanti
244 2014 378 2093 fortique
392 2013 459 2077 viro
481 2015 573 2094 digne
595 2016 681 2077 haee:
704 2005 796 2095 ἅπαξ
820 2008 859 2080 ια
881 2007 1013 2095 τοιαῦτ’,
1037 2007 1107 2093 uixi
1133 2012 1186 2088 δίς
1201 2003 1310 2103 χρῄζω

67 2123 187 2213 λέγειν·
213 2128 323 2208 (semel
341 2127 408 2190 dieo
421 2133 453 2190 et
468 2127 582 2190 dietum
594 2129 707 2191 stabile
723 2130 900 2207 firmumque
912 2128 979 2204 erit,
1005 2128 1073 2207 „ein
1090 2129 1141 2190 fur
1152 2129 1311 2212 ellemnl“)

66 2232 105 2304 σύ
128 2239 196 2313 σῶς
217 2231 263 2302 dv
285 2237 369 2316 ἴσθ’,
391 2231 513 2328 ἐάνπερ
534 2231 616 2322 ια’μὲ
640 2237 708 2321 mr·
733 2262 812 2304 nune
833 2243 927 2306 verbe
949 2245 1084 2320 κομπεῖν
1101 2238 1172 2320 οὐχί
1190 2229 1311 2321 βούλο-

65 2374 128 2431 μαι
150 2352 335 2433 interposito
347 2351 498 2435 (κομπεῖν
509 2346 570 2441 γάρ
581 2350 653 2434 οὐχὶ
668 2341 841 2437 βούλομαι)
862 2354 1105 2417 coniunctionem
1122 2350 1157 2418 δι’
1181 2376 1242 2417 non
1264 2357 1312 2419 de·

65 2463 211 2527 siderent.
243 2465 352 2546 Itaque
374 2488 411 2528 ex
434 2459 473 2531 σύ
496 2465 565 2541 σαῖς
586 2455 632 2558 ὤν
654 2471 781 2547 propter
803 2463 839 2531 δέ
862 2468 1036 2548 importune
1058 2468 1188 2530 inlatum
1211 2461 1252 2532 σύ
1276 2465 1312 2532 δὲ

66 2576 133 2640 συῖν
148 2578 334 2640 factumest
363 2580 411 2641 De
431 2578 568 2644 εοιαῦια
591 2580 645 2642 efr.
660 2580 694 2641 0.
709 2581 747 2641 It.
759 2580 841 2641 1271
867 2576 978 2648 αὐδῶν
998 2576 1138 2662 τοιαῦθ’,
1162 2570 1312 2645 ὁθούνεκ’

66 2712 122 2756 ουκ
144 2714 209 2756 ure·
234 2726 276 2739 -

148 2828 193 2894 lb.
217 2828 303 2892 1076
324 2851 379 2911 pro
403 2821 441 2896 dv
464 2820 584 2896 δώσειν
606 2852 714 2894 nomen
736 2831 962 2895 substantivum
983 2831 1158 2909 desiderari,
1180 2855 1208 2896 v.
1232 2833 1312 2915 apud

63 2942 243 3006 Neuekium
286 2944 428 3006 Halmius
459 2944 590 3007 oonieeit
624 2935 766 3010 εὕσοιαν.
819 2944 897 3011 Mihi
928 2945 1051 3007 videtur
1083 2946 1117 3007 in
1150 2934 1312 3012 ἆνδυίσειν

64 3056 160 3118 latere
183 3047 352 3135 ἅμπαυσιν
366 3056 386 3118 i.
402 3078 449 3136 qu.
465 3047 666 3136 ἀνάπαυλαν,
689 3058 862 3138 requietem,
884 3060 938 3122 ofr.
958 3059 1041 3120 1113
1059 3045 1311 3124 ιωίναπαιίσαιον

63 3166 120 3233 τοῦ
142 3155 271 3253 πρόσθ’
295 3159 417 3256 ἐρήμου
439 3164 511 3248 ιιιὲς
545 3157 730 3250 ἆμπαῦειν,
758 3162 947 3250 ἄμπαυσις,
978 3158 1227 3255 ἄμπαυσιὴρως
1255 3191 1310 3249 pro

64 3268 246 3344 ἀναπαύειν
276 3284 332 3342 ete.
361 3300 451 3360 saepe
483 3282 626 3361 usurpari
653 3302 716 3342 non
745 3286 792 3342 est
823 3282 903 3361 quod
931 3282 1030 3343 dieam
1058 3274 1246 3363 (ἄμπαυσις
1274 3302 1311 3343 ex

63 3389 157 3452 Anth.
170 3390 236 3452 Pel.
247 3392 275 3467 9,
291 3392 371 3467 314,
394 3391 414 3456 3
437 3392 538 3455 adfert
554 3395 705 3471 Pessow.;
728 3380 979 3481 ἅμπαυσιῆριος
1000 3397 1130 3474 usurpet
1151 3394 1262 3456 Herod.
1284 3394 1310 3470 I,

65 3503 141 3582 1813
165 3495 332 3586 ι’ίμπαυμα
354 3525 472 3586 semper
494 3507 574 3581 fere3
598 3495 745 3585 ἀμπαύει
767 3509 840 3569 Eur.
862 3506 930 3569 Hel.
955 3507 1062 3589 1335).
1085 3543 1126 3554 -

147 3643 193 3708 lb.
216 3643 280 3707 118
307 3640 394 3709 ναίει
421 3646 455 3708 in
483 3651 614 3708 metrum
642 3668 703 3710 non
733 3649 868 3726 quadret
913 3649 1089 3729 Legendum
1114 3648 1237 3712 videtur
1259 3645 1311 3725 τίς

62 3746 113 3843 ἄρ’
135 3746 173 3843 ἦν
196 3756 264 3823 παῦ
283 3753 421 3844 φανείς;
443 3757 486 3822 lb.
500 3758 563 3822 133
586 3755 688 3832 ἱέντες
711 3751 817 3840 σιὸμα
837 3761 928 3824 valde
950 3762 1075 3823 dubium
1098 3766 1146 3822 est
1167 3766 1200 3823 et
1221 3781 1312 3823 seusu

61 3870 162 3951 megin
184 3871 353 3952 requiritur
374 3862 512 3952 μύονιες
535 3873 713 3953 (respondet
734 3896 762 3937 v.
787 3877 850 3935 ent.
874 3874 936 3934 165
959 3859 1068 3947 κλύεις
1089 3862 1142 3952 ὦ).
1168 3909 1206 3919 -

147 4000 279 4070 10702
313 4005 474 4073 συνναίων
505 4030 560 4089 pro
595 4007 765 4094 σημαίνων
795 4011 966 4091 ponendum
998 4017 1087 4090 puto,
1121 4013 1201 4091 quod
1235 4012 1312 4075 item

61 4119 96 4181 F.
118 4120 178 4182 Gn.
201 4120 406 4183 Schmidtium
428 4123 618 4201 suspicatum
640 4144 706 4184 esse
727 4123 866 4203 cognovi.
901 4124 985 4186 Haeo
1007 4124 1106 4204 igitur
1129 4125 1309 4206 Sophoclem

61 4232 225 4312 eoripeiese
253 4233 413 4313 probabile
444 4237 505 4296 est:
540 4227 599 4297 παν
626 4227 718 4313 σι”πις
741 4233 813 4319 (pro
841 4226 878 4300 τὸ
904 4232 964 4316 μέν
990 4256 1042 4309 τις
1071 4235 1246 4319 Nauelrius)
1274 4229 1311 4302 οὐ

60 4337 176 4433 νεαρὸς
197 4342 272 4411 οὐδὲ
295 4343 366 4429 (pro
382 4336 457 4410 σι’ίιε
474 4339 586 4432 νεαρὸς
604 4339 694 4432 οὔτε)
710 4341 792 4436 γήρᾳ
805 4346 965 4415 συνναίων
988 4349 1113 4431 („nieht
1131 4349 1210 4430 jung
1230 4350 1311 4411 noch

63 4457 155 4539 elt“).
199 4459 376 4540 Respondet
395 4481 424 4522 v.
449 4460 510 4521 715
539 4450 708 4546 πρώιαισι
735 4462 850 4526 ταῖσδε
878 4457 995 4534 κτίσας
1024 4456 1162 4548 ἂμυιαῒς.
1206 4460 1310 4525 Antea
