2956 4934
718 268 761 331 45

633 372 724 384 ΝΜΛΙ·
736 371 839 384 νννυνΝ

111 522 201 568 verua
222 523 329 566 mensa
351 503 515 584 separatim
544 505 736 566 statuebatur
764 504 831 565 sine
860 503 930 585 me).
975 503 1151 568 ccccc
1176 505 1274 582 1266,
1304 505 1358 569 nbi

110 607 215 681 πόλλα
237 615 272 677 in
293 607 384 697 ιοῖμό
405 615 579 681 emendavit
599 615 756 678 Reiskius.
773 650 814 663 -

198 727 383 791 Simillimae
405 733 477 790 eunt
496 729 604 791 literae
627 731 657 793 Γ
674 733 705 790 et
731 733 761 791 Τ
785 727 1013 807 sexcentiesque
1042 723 1078 791 τό
1099 733 1131 790 et
1150 725 1184 815 γὲ
1207 736 1358 809 permuta-

111 845 176 901 tum
198 844 247 901 eet
267 839 337 919 (cfr.
359 838 393 900 Ο.
416 839 449 902 (i.
472 840 535 901 865
563 838 620 926 γῆς
648 860 677 923 p.
700 838 778 924 τῆς).
825 837 904 902 Phil.
926 839 991 902 533
1012 860 1074 902 non
1100 841 1223 920 neglegi
1250 842 1358 904 debere

112 951 343 1037 adnotationem
379 951 563 1014 scholiastae
592 939 820 1031 ἀσπασάμενοι
856 945 913 1037 τήν
945 946 1058 1016 ἑστίαν
1088 952 1170 1013 vidit
1197 951 1358 1032 Bergium,

112 1085 219 1128 verum
239 1084 301 1126 non
322 1064 391 1145 ipsa
414 1084 475 1128 vox
495 1059 609 1140 iccio,
639 1084 715 1143 quae
744 1062 961 1144 interpretatio
991 1063 1071 1124 alius
1093 1064 1180 1127 verbi
1209 1065 1359 1127 hahentur

112 1182 252 1258 oportet,
282 1177 468 1257 recipienda,
501 1175 556 1240 sed
578 1170 634 1262 τὴν
661 1172 727 1241 ε”σιο
754 1177 966 1257 corrigendum
993 1177 1027 1238 in
1056 1176 1114 1263 γῆς
1132 1173 1210 1255 ἕδος
1231 1168 1359 1257 (όοικον

112 1287 160 1362 εἰς
184 1276 328 1374 οἴκησιν)
350 1291 405 1352 cfr.
427 1290 476 1352 Et
500 1290 586 1351 1374
607 1289 750 1374 πατηηῖιι
772 1281 997 1376 προσκύσανθ’
1016 1286 1088 1374 ἕδη.
1109 1326 1153 1337 -
1184 1287 1220 1354 0.
1240 1288 1274 1354 0.
1295 1291 1358 1353 655

112 1424 167 1484 pro
191 1395 332 1469 ὀκνοῦντ’
354 1398 476 1488 ἀνάγκη
499 1404 666 1484 requiritur
687 1393 790 1469 ὀκνεῖν
810 1394 837 1489 γ’
860 1394 1048 1489 ἀνάγκη-
1069 1402 1121 1468 Εἰ.
1146 1402 1207 1467 151
1230 1405 1360 1468 molesta

112 1519 212 1579 forma
233 1507 284 1582 δότ’
306 1516 450 1578 mutanda
471 1517 505 1578 in
526 1508 549 1582 ἅ
569 1508 605 1602 γ’.
628 1551 670 1562 -
1360 1585 1363 1591 „

200 1637 245 1708 Λ,
267 1636 308 1694 u.
331 1628 393 1692 cfr.
405 1629 488 1691 ou.
502 1629 587 1691 1130
600 1615 802 1710 ξοαιιάξις
820 1627 921 1707 priore
942 1627 1009 1690 sex
1026 1651 1043 1690 ν
1061 1629 1151 1703 σοι,
1174 1629 1253 1691 uhu.
1267 1630 1359 1705 ιιοο,

113 1741 166 1810 ubi
180 1741 373 1804 Hermannus
394 1735 478 1805 ἑλεῖν
499 1741 671 1804 emendavit
691 1741 726 1803 in
748 1735 857 1803 αἰνεῖν.
891 1737 963 1802 Aac.
986 1738 1050 1800 326
1071 1732 1113 1802 τό
1136 1732 1228 1805 δεινοὶ
1250 1738 1359 1827 κέρδη,

114 1853 148 1915 in
168 1853 265 1915 schol.
288 1851 356 1915 adu.
374 1873 424 1937 γη.
442 1842 485 1918 τό
499 1842 602 1916 δειλό.
635 1852 711 1914 Fuit
732 1844 861 1936 τόδηλα
884 1847 980 1939 κέρδη
1003 1850 1071 1934 (cfr.
1094 1851 1156 1912 309
1179 1850 1246 1934 sq.).
1275 1852 1360 1914 Idem

113 1965 191 2029 Par.
206 1964 271 2027 502
285 1964 463 2026 restitutum
483 1964 576 2027 velim
592 1954 652 2043 (ιός
666 1951 762 2028 πάντ’
782 1955 887 2050 ἄδηλα
901 1985 930 2044 p.
946 1957 993 2041 ὠς
1011 1952 1122 2030 πάντα
1138 1951 1259 2042 δεινό),
1281 1962 1360 2042 qnod

112 2077 174 2140 iam
184 2076 354 2158 Berghium
374 2080 407 2138 et
421 2076 610 2140 Badhamum
633 2075 692 2155 [ed
703 2077 776 2138 Eur.
787 2076 855 2156 Iph.
869 2077 903 2138 Τ.
924 2076 963 2138 cd
978 2098 1007 2140 v.
1018 2077 1092 2152 461,
1110 2098 1139 2156 p.
1151 2076 1207 2154 16)
1225 2076 1359 2139 voluisse

114 2191 210 2254 video.
228 2224 271 2235 —
293 2189 404 2252 Nescio
427 2209 467 2250 an
488 2189 546 2251 hoc
567 2187 657 2251 modo
679 2189 914 2252 molestissimus
936 2210 1044 2254 versus
1070 2186 1105 2252 0.
1120 2187 1154 2252 0.
1170 2188 1234 2252 658
1256 2189 1360 2251 sanari

113 2303 224 2384 possit.
269 2301 518 2365 Schneidewinuo
548 2300 678 2364 coniecit
701 2298 819 2366 πολλοὶ
843 2297 878 2367 δὲ
901 2301 1035 2380 πολλοῖς
1058 2293 1159 2369 πολλοὶ
1189 2294 1245 2388 δή,
1274 2322 1360 2383 prae-

112 2416 237 2480 tulerim
258 2411 378 2482 πολλοὶ
401 2410 438 2479 δὲ
459 2406 564 2479 πολλοὶ
584 2400 757 2489 πολλόκις,
787 2413 840 2476 sed
862 2414 896 2475 in
915 2409 946 2478 δ’
963 2408 1103 2478 ἀπειλαί
1123 2415 1246 2477 videtur
1265 2415 1361 2477 latere

114 2522 503 2611 nidernmunster*
528 2523 629 2592 δεινοὶ
657 2517 766 2592 πολλοὶ
793 2514 963 2611 δημότην
992 2520 1057 2611 ἔπη
1082 2529 1151 2604 -J,
1167 2611 1168 2614 Ἴ
1183 2530 1218 2587 ut
1247 2527 1361 2589 habeas

112 2665 218 2708 vocem
245 2641 291 2705 rei
316 2640 573 2704 accommodatum
601 2639 656 2702 cfr.
677 2638 760 2700 Phil.
782 2638 847 2700 457
870 2629 1078 2724 κόποφδλνει
1100 2632 1143 2704 τό
1165 2633 1289 2724 χρηστὰ
1311 2636 1360 2718 χο]

114 2748 218 2828 δεινός
239 2757 348 2841 κρατεῖ
375 2772 443 2816 cum
464 2753 506 2815 M.
529 2751 675 2832 Seyfferti
697 2751 799 2814 adnot.
822 2755 854 2812 et
874 2749 940 2813 440
961 2741 1093 2836 γλιόσση
1115 2745 1151 2814 δὲ
1174 2750 1281 2816 δεινοῦ
1303 2748 1360 2815 καὶ

113 2863 233 2954 σοφοῦ.
252 2900 297 2913 -
320 2860 512 2928 0.R.1267
534 2858 571 2927 δὲ
593 2863 668 2924 ferri
689 2883 750 2924 non
770 2862 915 2942 possein
937 2861 1065 2943 epodosi
1086 2865 1158 2942 poet
1177 2866 1243 2923 tarn
1264 2882 1361 2943 panca

112 2981 208 3043 verba
235 2997 416 3059 praegressa
440 2976 617 3041 Dindorfins
643 2976 770 3038 monuit.
816 2975 904 3048 Quod
931 2975 1012 3037 idem
1040 2975 1170 3037 coniecit
1200 2966 1290 3038 δεινοὶ
1319 2968 1361 3061 δὴ

113 3082 266 3158 τάνθένδ’
293 3080 374 3176 ὀηᾶν
404 3089 561 3152 intellecto
598 3076 636 3174 ἦν
665 3109 726 3151 non
760 3087 859 3168 magis
895 3087 970 3148 ferri
1001 3091 1111 3167 potest.
1163 3086 1360 3148 Scribendum

114 3191 230 3268 δελλαό
254 3190 292 3287 ἦν
313 3192 484 3282 (τάνθένδ’
508 3193 620 3287 όηᾶν),·
651 3200 685 3262 in
709 3195 852 3271 δείλαιος
873 3197 987 3277 corripi
1016 3219 1107 3277 saepe
1136 3197 1361 3278 diphthongum

115 3336 160 3392 αι,
181 3317 219 3377 ut
241 3333 276 3377 οι
296 3312 331 3374 in
352 3315 467 3394 ucesiu,
489 3310 645 3389 τοιοῦτος,
668 3315 796 3374 constet.
826 3309 1003 3372 Dindorfius
1026 3309 1079 3388 (ed
1100 3306 1239 3389 111849)
1258 3316 1361 3373 censet

114 3431 181 3490 turn
208 3424 371 3506 scripsisse
391 3429 511 3488 veteres
536 3419 664 3497 δείλαιος
694 3424 798 3508 (ποεῖν
827 3422 861 3484 in
893 3420 956 3484 cod.
978 3423 1083 3496 Lanu,
1106 3443 1173 3483 cum
1195 3422 1362 3503 corripitur

114 3538 223 3620 prima,
235 3537 330 3601 scribi
346 3536 444 3615 solet).
477 3537 524 3599 De
536 3531 693 3616 δείλαιος,
715 3534 905 3598 miserandus
923 3534 978 3598 cfr.
991 3535 1040 3597 El.
1053 3530 1128 3615 758,
1148 3534 1183 3596 0.
1194 3534 1227 3597 G.
1239 3535 1311 3596 513.
1320 3571 1360 3582 —-

115 3648 165 3714 Ei.
195 3647 281 3713 1413
308 3638 408 3723 πόλις
436 3648 597 3712 molestum
630 3651 691 3722 est,
731 3647 804 3725 quie
844 3646 1004 3710 civitatem
1034 3666 1113 3708 nunc
1146 3646 1220 3724 quid
1250 3647 1361 3710 chorus

115 3763 264 3844 appellet,
303 3782 365 3825 non
398 3761 584 3844 perspicitur
612 3779 667 3824 nec
696 3759 859 3839 quidquam
889 3759 943 3821 ille
975 3759 1011 3821 de
1043 3779 1079 3821 ea
1111 3758 1188 3820 dicit
1218 3757 1292 3842 (cfr.
1325 3757 1362 3825 σὲ

116 3869 263 3961 phiram
286 3860 383 3950 πόλις
404 3877 583 3952 corruptum,
604 3893 641 3934 ex
663 3863 775 3952 πόνοι,
799 3891 866 3934 cum
887 3859 1036 3963 ιδπόνοι,
1059 3858 1088 3932 ιδ
1108 3861 1200 3952 yeued
1221 3857 1362 3935 τόλαινα

116 3983 169 4054 avi
190 3987 247 4050 cir.
258 3985 507 4049 exclamationem
522 3984 663 4048 Creontis
679 3983 754 4046 Ant.
769 3983 862 4059 1276,
885 3983 949 4070 φεῦ
971 3981 1052 4069 φεῦ,
1073 3969 1216 4048 ιδπόνοι
1236 3983 1361 4073 βροτῶν

117 4089 277 4164 δόσπονοι
306 4101 339 4161 at
365 4097 451 4161 chori
476 4097 559 4160 Phil.
587 4097 650 4159 177
678 4086 707 4158 ιδ
736 4083 893 4176 πόλαμαι
923 4094 1011 4160 θεῶν
1046 4093 1115 4177 (sic
1145 4095 1361 4158 Lachmaunue

117 4209 291 4274 emendavit
314 4230 371 4290 pro
393 4207 556 4295 θνητῶν),
578 4197 608 4271 ιδ
630 4200 773 4273 δόσσανα
796 4203 871 4292 γένη
892 4205 1039 4292 βροτῶν,
1061 4195 1116 4284 οἷς
1136 4203 1200 4272 uvi.
1223 4243 1264 4254 -

203 4327 252 4396 A,
283 4324 329 4385 M.
375 4319 437 4381 cfr.
465 4319 546 4381 Phil.
576 4319 639 4380 343
681 4309 938 4383 ποικιλοσιόλιοι
970 4319 1067 4381 altero
1097 4315 1116 4380 λ
1146 4338 1183 4381 ex
1210 4340 1235 4399 μ
1268 4317 1361 4379 facto.

121 4427 156 4496 0.
183 4429 325 4496 (11021
354 4421 446 4516 ἡμῶν,
476 4432 587 4493 fenum
616 4435 671 4493 est.
715 4430 918 4526 comparatus
947 4429 1021 4492 Ant.
1050 4450 1079 4492 v.
1103 4429 1187 4492 1107
1216 4428 1281 4515 δρᾶ
1309 4449 1362 4494 νυν
