2956 4934
776 269 817 333 58

697 371 797 391 υνννγνυ
807 373 824 384 ιω
830 371 900 386 Λωνν

178 499 276 583 (698)
289 501 478 563 ¹intercisum
499 505 571 582 post
593 488 769 568 αὐτόποιον
792 501 958 578 delendum,
981 505 1017 563 ut
1033 500 1076 563 sit
1092 490 1270 566 αδτὸποιον
1283 487 1424 583 φόβημα

178 607 296 696 ἐγχέων
320 611 431 687 δαΐων,
457 619 582 694 „netum
604 616 783 677 terriaulum
804 616 968 677 hostium“.
992 651 1033 661 -

263 722 405 788 It1490
426 747 481 806 pro
496 719 668 812 τνηχυῖνιυν,
691 728 771 808 quod
791 729 891 790 lecum
912 729 1089 802 nonhabet,
1112 726 1249 807 exigitur
1265 721 1426 813 έμηνανεῖν

178 838 234 899 ulr.
264 839 371 899 Treah.
395 839 456 900 239
486 829 619 902 είκταῖα
650 835 780 925 φαίνων
810 838 859 920 (0.
887 839 919 901 C.
951 839 1042 918 721),
1071 840 1203 918 Hesyeh.
1233 832 1424 924 ἐμφαίνειν·

178 944 408 1015 ἐνδείκνυσθαι
421 998 429 1027 ,
464 949 645 1036 σημαίνειν.
665 987 706 996 -
729 949 774 1014 lt.
799 950 883 1013 1752
905 952 1057 1013 Martinus
1081 939 1311 1030 §tyrannusnon
1343 954 1426 1011 reete

178 1061 301 1123 videtur
323 1069 457 1126 mutasse
479 1065 513 1126 in
534 1059 589 1144 νύξ
612 1054 801 1141 ἀπόκειται,
833 1065 896 1126 uisi
925 1065 1004 1144 quod
1034 1085 1089 1144 pro
1120 1051 1298 1129 ἀπόκειται
1326 1064 1426 1135 ¹seribi

178 1174 267 1236 debet
289 1164 485 1263 παράκειται
508 1177 615 1255 (schol.
638 1167 667 1259 ql
689 1167 729 1240 tal
752 1178 808 1261 τῆς
831 1175 979 1263 τελευτῆς
1002 1168 1085 1240 natal
1109 1165 1203 1264 χάριν
1226 1167 1358 1261 ἀπέβη).
1386 1212 1423 1222 -

265 1287 345 1349 Phil.
371 1287 433 1350 145
456 1293 558 1352 κεῖται
591 1309 669 1350 nune
698 1289 918 1368 importunum3
949 1289 1145 1369 aptissimum
1173 1292 1277 1352 κεῖται
1301 1289 1364 1349 183
1396 1292 1426 1348 et

179 1396 274 1482 κοίτη
298 1401 373 1477 16ος
399 1393 508 1465 ὅντινα
530 1405 632 1465 κεῖται
656 1407 831 1482 corruptum
854 1424 890 1464 ex
913 1393 1006 1467 ὅντιν’
1030 1397 1143 1467 ἐνοικεῖ
1165 1402 1219 1463 afr.
1237 1401 1298 1479 153
1323 1391 1426 1472 αὐλοῖς

179 1510 283 1590 ποίας
305 1508 432 1599 ένεδρσς
454 1511 549 1578 ναίει.
563 1550 604 1560 -
627 1509 751 1578 15540
772 1516 882 1576 mirum
904 1519 952 1576 est
974 1500 1164 1599 δλλόίλρους
1187 1504 1426 1597 (alienamur),

180 1646 271 1704 quum
293 1628 403 1688 ahnrus
426 1628 505 1689 nihil
527 1650 565 1689 ex
585 1629 640 1690 ille
663 1628 823 1690 audiverit.
856 1627 954 1689 Aliud
977 1631 1025 1688 est
1047 1613 1214 1710 ἅλλδίίρου
1231 1626 1340 1688 Traah.
1352 1625 1424 1700 844,

179 1758 249 1798 uam
278 1759 352 1801 vaae
380 1741 495 1802 Nessus
525 1740 581 1801 illa
602 1740 765 1802 Deianirae
793 1745 1002 1820 persuaserat3
1037 1739 1120 1800 aliud
1148 1737 1342 1800 Homericum
1372 1728 1423 1799 ἐπ’

180 1845 384 1941 ἀλλοθρόους
407 1842 618 1939 ἀνθρώπους.
664 1854 865 1928 Quamobrem
884 1853 938 1916 illo
960 1853 1027 1916 loeo
1049 1853 1130 1914 Phil.
1154 1837 1342 1935 ἄλλόθρους
1363 1870 1425 1910 mu·

179 1965 311 2027 teverim
332 1965 367 2026 iu
389 1955 537 2031 ἄλλοθεν.
572 2002 609 2012 -

265 2073 308 2138 lb.
322 2075 364 2136 22
387 2077 740 2139 aonieaturaHermanni
762 2072 827 2140 ἐκεῖ
850 2074 921 2160 (pro
938 2070 1021 2158 ἔχει)
1045 2077 1107 2136 alia
1129 2074 1255 2136 exsistit
1275 2074 1425 2150 molestia,

179 2208 250 2249 uam
281 2189 314 2250 iu
342 2189 480 2250 omuibus
511 2210 586 2269 quae
620 2189 762 2251 adferunt
790 2190 972 2268 interpretes
1002 2187 1171 2250 accusativi
1202 2187 1307 2273 χαῖρον
1342 2183 1427 2271 πρὸς

181 2292 277 2366 αὐτὸν
288 2289 380 2366 τόνδε
392 2302 572 2364 defendendi
593 2323 685 2364 eausa
707 2303 851 2382 exemplis
874 2301 1024 2381 cogitatio
1047 2301 1191 2364 metionis
1214 2305 1304 2362 autea
1325 2303 1427 2362 factae

179 2416 230 2478 vel
252 2417 343 2480 simul
364 2417 543 2480 coniunctae
556 2438 618 2479 nou
635 2416 815 2478 excluditur.
848 2417 957 2497 Itaque
972 2416 1049 2478 alibi
1065 2415 1239 2496 corruptela
1249 2393 1427 2494 detegenda.

180 2529 312 2595 Videtur
334 2535 434 2593 autem
456 2522 537 2618 πρὸς
560 2521 656 2596 αι’πδν
678 2514 877 2610 depravatum
901 2550 939 2590 ex
961 2532 1112 2616 πετραῖον
1135 2519 1210 2612 (εἴτ’
1233 2519 1300 2607 ἔχει
1322 2526 1426 2614 χοῖρον

181 2647 334 2732 πετραῖον
356 2634 444 2708 τόνδ’
466 2635 509 2710 ἔτ’
532 2665 589 2721 -;
618 2645 675 2706 hoa
699 2637 757 2728 ἔτι,
781 2643 861 2722 quod
882 2642 1022 2704 restituit
1042 2640 1223 2716 Elmsleius,
1253 2639 1427 2701 necessario

180 2757 361 2837 requiritur,
383 2761 419 2818 ut
440 2757 599 2818 abicienda
622 2756 665 2817 sit
676 2755 810 2818 Nauakii
831 2754 1005 2818 aonieatura
1027 2751 1156 2836 τοῦτον)
1179 2752 1233 2814 afr.
1247 2751 1288 2813 16
1312 2747 1427 2816 δίστο-

180 2887 243 2948 μος
266 2865 382 2954 πέτρα,
406 2868 502 2949 (1081
529 2855 559 2932 ιδ
580 2865 696 2945 κοίλας
717 2865 841 2954 πέτρας
862 2855 1003 2954 γύαλον).
1026 2901 1068 2912 -

265 2981 304 3044 Iu
320 2982 416 3063 srym.
441 2981 504 3044 675
527 2980 662 3045 πολλῶν
682 2979 792 3043 καλεῖν
815 2980 865 3044 δεῖ
886 2979 933 3063 aqi
957 2977 1067 3051 καλῶς
1089 2971 1282 3056 τιμωμένην
1305 2975 1428 3058 μικροῦ

181 3089 211 3158 δ’
222 3083 346 3177 lystrae
367 3085 405 3159 οδ
420 3089 489 3180 μέγ’
512 3087 639 3180 ἔρχεται
662 3089 757 3170 κλέος
773 3092 895 3173 egregie
909 3091 1049 3154 restituit
1059 3088 1216 3153 Neuekius
1229 3087 1336 3172 (frgm.
1346 3086 1428 3170 853)

180 3205 228 3290 τηῖ
250 3197 349 3272 καλόν
375 3229 407 3271 τι
436 3203 594 3289 μιυμένῳ;
628 3227 683 3286 pro
716 3209 858 3284 corrupto
886 3202 996 3267 καλεῖν
1026 3203 1106 3264 idem
1137 3200 1268 3264 aouieeit
1296 3186 1424 3277 ruirunq

179 3319 220 3381 M.
233 3319 402 3399 Seyffertus
421 3319 565 3382 audacius
584 3317 714 3384 stellein
731 3308 792 3405 ηᾶρ
817 3307 934 3380 iillum
955 3314 1003 3380 δεῖ
1017 3305 1118 3378 καλόν
1132 3334 1186 3391 -;
1209 3312 1286 3374 mihi
1304 3313 1430 3375 videtur

181 3429 289 3496 καλεῖν
323 3437 498 3512 eorruptum
531 3454 569 3494 ex
596 3429 713 3499 πυλῶν
742 3429 863 3509 (multis
899 3427 1120 3490 luctationibus
1155 3446 1231 3506 opus
1263 3424 1344 3510 est);
1382 3427 1430 3487 ita

180 3543 331 3606 retinetur
353 3545 434 3606 retia
457 3536 589 3626 ἀγῶνος.
616 3580 652 3588 -

270 3654 304 3720 O.
327 3655 363 3718 R.
388 3655 471 3718 1091
494 3676 555 3720 nou
578 3647 785 3738 πατριώταν,
814 3656 868 3718 sed
890 3649 1017 3741 πατέρα
1040 3649 1111 3736 (καὶ
1134 3641 1259 3740 τροφδν
1281 3647 1338 3713 καίΙ
1360 3676 1429 3731 μα-

180 3765 272 3855 τέρα)
302 3769 440 3850 flagitari
466 3768 549 3832 vidit
570 3769 771 3848 Hartungius.
816 3769 902 3830 Duae
931 3766 1129 3828 difficultates
1161 3766 1301 3827 sublatae
1331 3769 1429 3839 erunt,

181 3881 210 3944 si
239 3882 400 3962 scripseris
428 3873 541 3971 πατέρ’
575 3871 675 3945 auran
704 3881 789 3961 (soil.
819 3873 877 3946 ταῖν
905 3869 997 3960 ualet,
1034 3883 1070 3941 ut
1099 3878 1256 3942 Nauakius
1287 3878 1430 3951 correxit,

182 3990 383 4079 πανσέληνον
405 3985 517 4074 αὔξειν
540 4015 577 4058 σε
599 3990 727 4078 πατέρα
750 3989 814 4072 uri,
839 3998 875 4054 ut
895 4013 957 4054 nen
979 3991 1195 4053 molestissime
1216 4011 1255 4053 ex
1276 3977 1429 4075 χορεδεσ-

184 4115 246 4174 θαι
274 4099 360 4196 πρὸς
388 4099 480 4194 ημῶν
508 4107 649 4188 intellegi
676 4107 785 4170 debeat
814 4099 926 4192 ἡμᾶς).
971 4100 1014 4171 Ιδ.
1038 4102 1122 4165 1476
1151 4123 1213 4165 uon
1239 4104 1335 4166 verba
1357 4093 1379 4186 η’
1401 4091 1429 4164 u'

181 4213 267 4302 εἶχεν
281 4212 386 4286 πάλαι
405 4223 521 4284 tentari
536 4223 653 4297 debent,
678 4221 732 4283 sed
744 4223 840 4283 verbe
851 4210 907 4304 τήν
923 4217 1094 4302 παροῦσαν
1104 4212 1237 4305 τέρψιν;
1259 4214 1432 4303 παροῦσαι·

181 4338 373 4398 eontraatum
400 4337 474 4414 puto
510 4354 547 4395 ex
574 4323 652 4421 παρ’
683 4321 807 4397 αὐταῖν.
850 4331 939 4394 Nune
967 4329 1069 4394 omnia
1097 4331 1212 4411 optime
1244 4330 1431 4408 congruunt:

85 4438 238 4624 ἱρὴν
259 4437 337 4533 παρ’
361 4437 473 4511 αδταῖν
493 4442 612 4535 τέρψιν
634 4436 655 4531 ἥ
677 4434 706 4509 σ’
729 4434 814 4522 εἶχεν
837 4436 953 4507 πάλαι.
977 4476 1019 4488 -
