2956 4934
787 270 950 348 ao'

177 518 240 583 cfr.
261 519 392 584 Goethei
420 523 530 584 verba:
563 540 621 582 uns
652 521 728 583 habt
754 520 804 583 die
825 521 928 596 welle,
957 520 1148 603 vameblingt
1177 520 1227 583 die
1249 521 1338 582 welle
1365 521 1428 582 und

175 633 236 696 wir
255 631 430 696 vorainken.
454 667 496 677 —

262 758 306 826 Ib.
326 760 411 824 1179
439 754 605 843 βουλεύειν
634 763 733 825 looum
761 783 822 826 non
851 764 950 825 babet.
995 762 1071 826 Cum
1099 762 1231 843 gemitus
1262 760 1428 842 praeeedit,

176 874 291 937 dieitur
320 865 366 946 οἷς
396 863 461 938 ὦδε
491 871 581 939 τοῦδ’
612 868 740 953 ἔχοντος
762 862 892 954 αίάζειν
920 864 1013 961 πάρα
1043 874 1112 958 (Ai.
1134 874 1218 953 904)
1249 875 1301 937 val
1334 866 1428 961 πάρα

178 975 343 1065 στενάζειν
373 984 430 1071 (ib.
460 988 553 1064 982);
594 989 650 1048 boo
683 987 749 1050 looo
783 986 989 1067 comprobatio
1019 986 1162 1050 vaticinii
1185 986 1325 1048 Tiresiae
1353 985 1373 1046 i.
1403 1007 1426 1047 e.

177 1100 365 1180 'comparatio
396 1103 523 1161 aventus
553 1119 621 1160 eum
649 1099 704 1161 illo
735 1098 884 1162 vaticinio
909 1099 1080 1180 praeeedit,
1112 1101 1216 1180 itaque
1243 1097 1427 1178 respondero

177 1210 266 1274 debat
287 1211 427 1273 nuntius:

384 1330 431 1418 οἷς
454 1329 510 1404 οἷδ’
537 1329 675 1421 ἐχόντων
696 1331 800 1406 τάλλα
823 1332 1018 1421 συμβάλλειν
1040 1329 1143 1428 ιτάρα.
1167 1376 1208 1386 -

263 1481 380 1544 lo596
403 1477 532 1570 ἐρείπει
555 1504 593 1545 ex
616 1475 739 1567 ἐρείδει
761 1483 875 1545 fartum
897 1483 1020 1546 videtur
1042 1483 1109 1561 (air.
1131 1481 1241 1544 Aaaob
1260 1479 1372 1562 Agam.
1385 1482 1427 1544 64

178 1598 209 1655 ot
231 1592 355 1655 Ai.309
379 1589 553 1679 ἐρεισθείς
576 1617 622 1682 γρ.
645 1589 843 1684 ἐρεισθείς);
869 1595 988 1675 „instat
1009 1599 1040 1658 et
1060 1598 1150 1674 urget
1172 1614 1291 1675 semper
1313 1593 1426 1675 aliquia

178 1707 271 1770 deua“
295 1708 364 1786 (afr.
385 1707 426 1769 Μ.
450 1707 595 1786 Seyfferti
618 1707 743 1785 adnot).
765 1744 807 1752 -

267 1834 302 1900 0.
325 1835 363 1899 R.
388 1835 472 1899 1054
494 1858 548 1917 pro
571 1831 691 1900 ἐκεῖνον
713 1836 906 1900 scribendum
936 1837 1071 1900 arbitror
1091 1828 1235 1915 trinta,
1264 1827 1425 1903 ὅντιν’-

180 1969 303 2028 „parem
324 1949 374 2011 ilii
397 1971 485 2029 quem
506 1950 557 2012 hio
580 1949 685 2011 dioit“.
708 1985 750 1996 —·

263 2063 302 2122 In
316 2063 432 2142 froom.
445 2060 510 2124 583
533 2081 552 2123 a
575 2059 710 2126 πολλῶν
735 2054 763 2125 δ’
786 2057 820 2125 ἐν
843 2058 1062 2147 πολιντληθίρ
1085 2057 1221 2127 πέλειαι
1245 2061 1249 2146 λ
1275 2053 1343 2128 οὔτ’
1367 2053 1424 2125 ἀπ’

178 2166 329 2254 εὐγενὲων
358 2166 476 2246 ἐσθλὸς
504 2165 568 2239 οὔτ’
599 2165 741 2256 ἀχρειίον
766 2171 770 2258 i
795 2164 832 2238 νδ
856 2171 931 2239 λίαν
959 2165 1071 2246 κακὸς·
1103 2173 1213 2264 βροτῷ
1241 2172 1278 2239 δὲ
1307 2166 1426 2240 πιστδν

178 2275 274 2348 οὐδέν
296 2285 427 2348 coniecit
447 2306 502 2365 pro
525 2276 665 2372 ἀχρείων
687 2278 723 2352 τδ
746 2287 904 2349 Iaoobaius
927 2277 1069 2371 ἀχρείων
1091 2277 1177 2363 ἀπο,
1205 2308 1260 2368 pro
1290 2279 1328 2353 τὰ
1351 2285 1426 2352 λίαν

177 2394 349 2458 Meinekius
372 2386 486 2476 πάλιν,
509 2398 586 2459 mibi
607 2398 731 2461 videtur
752 2419 808 2478 pro
829 2391 867 2463 τό
892 2394 967 2462 λίαν
989 2419 1081 2461 aenou
1102 2400 1218 2479 requiri
1239 2391 1302 2466 ἀεί.
1326 2435 1368 2446 -

263 2524 368 2608 βεγιν.
389 2525 451 2588 761
475 2517 551 2614 ὀργή
572 2523 718 2615 γέροντος
739 2520 824 2598 ὥστε
846 2521 1003 2615 μαλθακή
1026 2526 1126 2603 κοιτίς
1148 2523 1181 2592 ἐν
1204 2527 1288 2618 χειρὶ
1313 2519 1424 2615 θήγει,

178 2631 212 2700 ἐν
232 2629 325 2718 τάχει
348 2631 377 2704 δ’
400 2628 607 2722 ἀμβλύνεται.
640 2639 783 2704 Correxit
804 2632 863 2705 σδν
885 2631 976 2720 τάχει
998 2661 1054 2722 pro
1076 2636 1110 2704 ἐν
1125 2633 1424 2721 τάχειΜοίίλιίοειιε.

177 2749 355 2812 Ridioulum
377 2756 426 2814 ost
448 2747 481 2816 ἐν
503 2751 604 2842 χειρί,
633 2773 695 2816 non
716 2753 813 2817 multo
843 2753 951 2816 melius
980 2748 1015 2815 ἐν
1037 2749 1141 2839 χρωτί
1148 2799 1157 2833 ,
1186 2753 1267 2833 quod
1295 2754 1428 2818 ooniaoit

177 2863 384 2940 Ribbaokiua,
429 2887 521 2947 quum
556 2868 650 2930 verba
682 2858 761 2953 ὀργή
792 2861 825 2929 ἐν
855 2863 939 2955 χειρί
975 2854 1071 2954 θήγει
1111 2866 1256 2947 coniungi
1289 2866 1427 2929 debeant.

178 2977 290 3038 Prooul
311 2976 402 3040 dubio
426 2974 459 3041 ἐν
479 2977 561 3068 χειρί
586 2980 666 3042 nihil
688 2979 772 3042 aliud
794 2984 842 3042 ast
858 2983 1088 3060 quamaoxaia;
1113 3000 1181 3042 oum
1196 2983 1307 3058 ταχεῖα
1320 2968 1428 3067 θήγει,

180 3080 237 3155 σδν
259 3080 349 3169 τάχει
372 3082 401 3156 δ’
424 3081 620 3173 ἀμβλύνεται
643 3094 697 3155 eir.
712 3093 794 3155 Phil.
803 3093 867 3154 808
889 3084 978 3173 ὀξεῖα
993 3091 1096 3178 φοιτᾷ
1118 3089 1175 3158 καὶ
1197 3083 1297 3172 ταχεί
1321 3088 1428 3180 ἀντέρ-

178 3224 280 3282 χεται.
315 3205 403 3267 Unur
424 3205 539 3267 residet
559 3208 727 3286 serupulus.
758 3207 890 3268 Maxima
912 3206 993 3267 enim
1014 3206 1134 3268 inoerte
1155 3210 1204 3267 ast
1225 3205 1429 3268 intransitiva

178 3318 266 3380 vorbi
289 3310 402 3404 θήγειν
423 3325 563 3400 potestas
584 3321 652 3399 (afr.
663 3320 799 3382 Ellendt.
815 3321 873 3382 lex„
888 3340 911 3380 ε.
922 3321 966 3398 ν.)
987 3339 1043 3382 neo
1065 3323 1168 3382 tamen
1191 3319 1333 3382 dubitare
1353 3320 1430 3382 lioet

177 3434 304 3509 propter
326 3430 425 3492 simile
446 3423 604 3516 μαλθακή
627 3427 743 3512 κοπίς,
774 3431 847 3510 quin
875 3434 958 3493 raote
984 3452 1017 3493 se
1047 3432 1160 3493 habeat
1185 3431 1263 3494 illud
1290 3433 1428 3493 verbum.

179 3541 381 3614 Quamobrem
403 3543 474 3605 vido
496 3563 534 3604 ne
555 3541 746 3604 retinendum
768 3543 813 3604 sit
829 3537 863 3604 ἐν
882 3529 977 3621 τάχει
999 3547 1031 3604 et
1052 3543 1147 3606 soribi
1169 3544 1290 3607 debeat:
1313 3548 1429 3623 ταχεῖα

178 3652 258 3732 (aoiL
280 3648 383 3735 ἐστίν)
407 3645 531 3739 θήγειν,
554 3648 587 3715 ἐν
608 3640 700 3732 τάχει
724 3651 754 3717 δ’
777 3644 988 3734 ἀμβλύνεται.
1012 3690 1053 3701 -

264 3781 370 3864 Ενμιο.
396 3781 459 3844 109
466 3830 475 3863 ,
499 3781 542 3844 10
576 3783 752 3845 Dindorfiua
782 3789 874 3863 putat
905 3806 996 3847 aenou
1026 3785 1178 3864 postulari
1211 3784 1315 3872 γήρας
1348 3783 1429 3862 νέον,

179 3895 259 3974 quod
280 3894 453 3958 Meinabius
474 3895 642 3974 proposuit.
686 3896 765 3958 Mihi
787 3898 969 3960 vocabulum
997 3889 1101 3984 σοφόν
1123 3903 1303 3978 argumento
1327 3903 1377 3961 eat
1398 3904 1431 3961 et

178 4009 216 4070 de
237 4007 374 4087 eorporis
405 4011 438 4068 et
460 4007 497 4069 de
519 4008 614 4073 animi
643 4009 818 4072 humilitate
841 4014 932 4072 antea
954 4009 1026 4072 diei.
1071 4011 1180 4090 Itaque
1201 4015 1237 4073 ut
1258 4012 1307 4074 El.
1332 4012 1429 4087 1175,

178 4122 225 4185 ita
238 4121 288 4184 hia
300 4140 418 4202 quoquo
431 4106 565 4206 γλώσση
583 4125 615 4182 et
625 4109 738 4206 γνολμη
751 4126 925 4202 permutata
938 4121 1089 4197 videntur,
1112 4127 1148 4184 ut
1165 4123 1209 4185 sit
1220 4123 1429 4187 scribendum:

177 4230 235 4299 καί
256 4226 317 4321 γάρ
339 4231 474 4318 δοσειδῆ
496 4231 594 4312 σῶμα
616 4234 686 4312 (pro
709 4230 859 4306 δυσειδὲς
877 4233 989 4316 σῶμα)
1010 4230 1067 4300 καί
1087 4225 1277 4316 δυσώνυμον
1297 4223 1430 4322 γνιδμην

178 4337 285 4434 σοφδν
320 4342 457 4428 τίθησιν
489 4332 657 4432 εὔμορφόν
693 4337 720 4410 τ’
750 4342 832 4412 ἰδεῖν
866 4347 887 4410 i
916 4368 941 4410 a
973 4345 1107 4433 δοσειδῆ
1140 4339 1178 4413 τδ
1211 4346 1310 4430 σῶμα
1349 4340 1430 4415 ὄντα

177 4451 343 4550 εὔμορφον
363 4455 420 4522 καί
443 4447 635 4541 δνσιδνομον
655 4451 712 4546 τήν
734 4449 864 4545 γνώμην
886 4451 965 4526 ὄντα
986 4452 1092 4548 σοφὸν
1112 4457 1261 4547 τίθησιν.
1288 4498 1326 4511 -
