2956 4934
151 539 198 612 Φ,
220 535 250 600 Θ
271 539 444 614 permutata
465 555 532 596 esse
550 534 623 597 Aet.
634 534 700 598 600
712 536 779 615 ipse
790 537 907 599 conieci
928 537 1068 617 idemque
1088 538 1151 600 iam
1160 536 1311 600 Morstad·

62 646 141 738 tium
170 651 203 708 et
231 651 302 709 ante
329 647 548 710 Morstadtinm
575 648 730 709 Kookium
763 648 930 712 coniecisse
965 655 1073 730 postea
1106 651 1181 714 vidi.
1232 650 1311 713 Nam

63 747 163 844 φοῖος,
187 760 267 838 quod
288 762 402 821 habent
422 759 497 820 libri
518 779 574 838 pro
595 747 707 841 θάλος,
728 781 789 823 non
810 761 910 840 magis
932 761 972 821 ad
993 783 1056 823 rem
1071 762 1198 839 adtinet,
1221 783 1312 842 quam

63 859 170 948 κόνις,
193 871 272 950 quod
294 873 333 934 ib.
353 872 416 933 602
439 872 472 933 in
494 872 585 933 libris
607 872 722 951 legitur
743 893 798 952 pro
817 870 923 944 κοπίς,
949 873 1010 934 cfr.
1021 874 1149 935 nne40
1172 865 1192 959 ἢ
1214 862 1312 940 θάπ-

61 999 168 1045 τονσα
189 1003 245 1062 pro
267 972 288 1067 ἢ
310 979 509 1068 ’φδπτονσα
533 1020 578 1030 -

151 1150 185 1221 Σ,
209 1145 247 1218 Ξ.
283 1146 332 1208 El.
350 1145 433 1206 1128
456 1141 660 1228 εἷσέπεμπον
682 1167 710 1226 p.
732 1139 933 1230 ἐξέπεμπον,
956 1148 1009 1210 cfr.
1031 1149 1071 1210 ib.
1096 1148 1179 1210 1396
1203 1138 1311 1236 ἐξάγει

64 1279 84 1323 o
106 1280 200 1339 super
221 1260 240 1338 ξ
262 1280 280 1320 a
302 1258 459 1320 diorthota
483 1259 616 1338 scripto;
639 1257 763 1320 Arato
788 1247 1012 1342 ἐξαλεδσωμαι
1028 1262 1084 1337 La,
1107 1253 1312 1344 ε’ξαλῦξωμαι

62 1371 246 1450 Hesychius.
290 1370 328 1432 In
352 1367 388 1434 0.
410 1368 450 1432 R.
473 1369 537 1432 579
567 1363 678 1458 ἄρχεις
707 1367 737 1434 δ’
760 1369 865 1458 ἐκείνῃ
894 1368 997 1438 ταῦτα
1026 1373 1082 1461 γῆς
1112 1371 1186 1438 ἴσον
1208 1370 1313 1456 νέμων

63 1483 202 1562 ineptum
224 1488 272 1544 est
292 1483 358 1570 γῆς,
382 1504 457 1545 sana
478 1485 559 1544 ratio
582 1475 845 1563 postulatwrirriv
858 1479 894 1564 ἐξ
905 1481 1108 1567 ἲσοιινέμων.
1123 1521 1167 1534 -
1188 1486 1208 1548 Ι
1210 1487 1236 1550 δ.
1248 1485 1314 1550 894

62 1616 117 1676 pro
131 1588 278 1682 έρξεται,
300 1617 356 1677 pro
378 1618 437 1677 quo
455 1597 548 1676 vulgo
572 1596 608 1657 de
619 1596 792 1676 Musgravii
815 1597 990 1659 coniectura
1012 1600 1160 1679 recipitur
1176 1592 1313 1683 εὔξεται,

63 1708 240 1789 scripserim
262 1706 399 1773 ciceron.
432 1709 494 1771 cfr.
518 1709 607 1788 frgm.
625 1710 689 1770 280
717 1703 780 1772 Τδν
802 1706 919 1775 Ἀΐδαν
943 1705 1005 1798 γὰρ
1028 1709 1103 1778 οὐδὲ
1123 1715 1223 1799 γήρας
1246 1706 1316 1782 οἶδε

64 1822 178 1907 φιλεῖν.
192 1858 234 1868 —-
258 1821 409 1884 Similiter
420 1821 498 1884 Phil.
512 1820 597 1884 1032
618 1843 674 1902 pro
692 1814 822 1902 sigeo&
837 1819 966 1888 εἴπαθ’
988 1824 1209 1887 restituendum
1231 1832 1314 1906 puto,

27 1986 31 1994 .
62 1954 134 1994 nam
156 1935 261 1997 futuro
284 1956 359 2014 opus
383 1939 443 2011 ost,
466 1939 502 1996 ut
513 1934 655 1996 Piersoni
667 1934 843 1996 coniectura
855 1927 965 2015 ἔξεσθ’
976 1936 1092 1998 vitiosa
1109 1937 1258 2001 videatur.
1272 1975 1312 1986 -

63 2043 136 2109 Aac.
169 2044 234 2107 362
267 2037 425 2127 ἐπάξεται
459 2048 565 2125 procul
598 2047 689 2108 dubio
723 2047 790 2125 (cfr.
821 2048 862 2108 M.
891 2047 1035 2127 Seyfferti
1068 2048 1219 2130 adnotat.)
1252 2072 1315 2113 cor-

24 2143 28 2150 ’
63 2162 188 2239 ruptum
218 2163 274 2219 est.
319 2157 517 2220 Soribendum
546 2160 596 2222 vel
623 2155 694 2238 οὐχὶ
724 2151 867 2223 πάσεται
900 2160 1313 2244 (ofr.Aesoh.Eum.177)

63 2269 174 2335 veloci
197 2258 404 2352 πεποέσεται,
439 2273 517 2352 qnod
545 2272 682 2333 futurum
714 2272 857 2334 adferunt
884 2273 984 2336 lexios
1011 2296 1048 2336 ex
1069 2277 1212 2357 Pempelo
1235 2279 1315 2358 apud

11 2388 14 2394 ’
64 2383 148 2445 Stob.
171 2383 236 2446 flor.
262 2384 317 2460 79,
341 2383 382 2444 52
411 2384 465 2445 cfr.
487 2384 597 2446 Aesoh.
620 2383 679 2464 Ag.
705 2385 777 2445 835.
824 2386 883 2446 Sed
903 2387 974 2449 vide
1003 2408 1040 2448 ne
1069 2389 1184 2449 aoristo
1214 2390 1315 2468 magis

64 2498 107 2558 sit
128 2498 215 2559 locus
237 2518 327 2578 quam
357 2498 476 2573 futuro,
502 2498 535 2559 id
564 2498 645 2576 quod
673 2498 858 2560 scholiastae
888 2497 1086 2560 adnotatione
1106 2500 1157 2563 vel
1184 2501 1314 2562 maxime

63 2608 299 2674 commendatur.
343 2610 422 2672 Nam
445 2612 497 2690 qui
519 2611 742 2690 interpretatus
771 2615 819 2671 est
850 2598 995 2676 θανᾶτου
1022 2603 1121 2691 μόνον
1144 2607 1203 2690 οὐχ
1224 2601 1315 2697 εὗρεν

65 2718 169 2804 ἴαμα,
190 2721 271 2783 nihil
293 2720 377 2783 alind
398 2722 511 2801 legisse
532 2723 655 2785 videtur
678 2712 880 2802 quam‘iaeltda
896 2709 999 2804 μόνον
1016 2720 1130 2807 φεῦξιν
1150 2718 1206 2787 οὐκ
1228 2711 1316 2786 ἐπτέ-

66 2854 147 2900 οατο
176 2826 307 2914 (ἐπάσω
335 2855 390 2914 pro
419 2826 550 2921 ε’πλήσω
580 2835 720 2896 restituit
748 2835 864 2897 Nauck.
894 2835 928 2896 0.
951 2833 984 2896 C.
1008 2835 1088 2911 5283
1122 2835 1175 2896 cfr.
1205 2833 1315 2896 Aesoh.

64 2946 155 3026 frgm.
180 2946 265 3027 199).
295 2983 335 2993 —

204 3177 242 3248 b.
277 3175 381 3248 Vitia
402 3198 451 3250 ex
473 3177 718 3250 similitudino
741 3177 1059 3266 pronuntiationis
1083 3181 1177 3248 orta.

153 3349 253 3429 Supra
273 3349 407 3413 vidimus
430 3350 610 3430 saepissime
628 3372 647 3434 η
666 3355 697 3412 et
714 3373 726 3413 ι
747 3349 924 3430 permutari.
958 3349 1008 3412 At.
1021 3348 1084 3411 402
1107 3348 1180 3411 libri
1201 3349 1317 3410 habent

64 3459 218 3551 ὀλέθριον
239 3456 379 3540 αἰκίζει,
410 3463 489 3542 quod
518 3467 615 3524 metro
637 3463 814 3542 postulante
835 3462 1013 3525 Dindorfius
1036 3461 1169 3525 correxit
1190 3455 1316 3546 δδέδρί

65 3562 198 3653 αι’κίζει.
243 3575 332 3649 Quod
354 3579 456 3636 autem
477 3575 631 3655 Bergkiris
654 3575 769 3637 adtulit
791 3597 828 3638 ex
849 3576 1098 3656 EtymVindob.
1121 3574 1199 3637 inei
1222 3561 1311 3660 κήδω

64 3683 277 3772 ε’·νεργητικαῖς
310 3676 350 3752 cci
386 3686 483 3750 ivoni
496 3708 504 3725 ·
539 3687 729 3774 Σοφοκλῆς·
765 3680 848 3755 ἄλλά
877 3711 919 3770 με
947 3677 1039 3774 κήδει
1070 3681 1152 3764 Διὸς
1184 3683 1313 3768 δλκίμα

65 3787 237 3886 θυγάτηρ·
276 3797 475 3883 παθητικῶς
510 3795 547 3864 δὲ
580 3787 722 3885 κήδομαι
756 3795 793 3866 τδ
824 3797 1010 3886 φροντίζειν,
1043 3800 1076 3863 id
1108 3798 1194 3863 nullo
1226 3798 1316 3862 modo

64 3911 190 3991 neglegi
211 3911 309 3974 debet.
353 3912 433 3974 Num
461 3913 560 3992 igitur
581 3914 758 3993 putabimus
781 3909 903 3992 οἰκίζει
926 3934 964 3975 ex
986 3914 1171 3992 glossemate
1193 3911 1313 3975 ortum?

64 4026 162 4088 Immo
185 4013 234 4104 ori,
258 4012 350 4111 κήδει
374 4024 572 4104 depravatum
591 4032 639 4088 est
656 4027 690 4087 in
706 4023 829 4105 οἰκίζει
849 4028 904 4088 cfr.
916 4027 1050 4106 Hesyoh.
1066 4015 1176 4112 κήδει·
1202 4025 1313 4103 λοπεῐ,·

65 4127 192 4224 κήδειν·
215 4141 420 4211 κακοποιεῖν,
443 4134 553 4217 doccia·
578 4127 702 4224 κήδων·
732 4135 851 4220 ἀνιῶν,
880 4139 1077 4204 κακοποιῶν.
1101 4135 1317 4200 -Similiter

65 4249 224 4313 Nanokins
245 4249 296 4312 El.
321 4248 407 4312 1394
428 4250 560 4312 coniecit
581 4236 786 4334 νεακδνήτδν,
816 4241 871 4328 αἶ,
901 4238 1070 4335 μάχαιραν
1101 4246 1219 4337 φέρων.
1265 4247 1316 4309 Sic

65 4364 189 4426 tandem
217 4362 251 4424 in
277 4364 377 4425 locum
405 4347 640 4426 vexatissimum
671 4363 789 4442 aliquid
819 4364 892 4426 boni
920 4364 1047 4442 sanique
1075 4363 1230 4425 conlatum
1259 4365 1316 4422 est.

66 4475 211 4540 Ceterum
232 4497 288 4557 pro
311 4468 395 4556 έχων
417 4497 478 4540 non
500 4471 611 4563 φέρων
633 4475 887 4538 deHeimsoethii
908 4475 1098 4552 coniectura,
1119 4473 1173 4537 sed
1194 4467 1315 4558 στέγων

1104 4584 1138 4634 4*
