2956 4934
667 330 671 335 .
685 280 704 342 3

69 512 246 589 confictum,
277 513 434 576 Nanckius
464 513 684 595 interpolatum
715 521 819 578 causet
848 517 947 596 (lehn.
980 537 1049 578 eun.
1079 518 1098 578 l.
1121 538 1146 579 o.
1177 539 1207 598 p.
1232 517 1317 597 176).

68 624 161 686 Nullo
183 624 271 688 modo
293 625 332 687 ed
352 627 430 687 hanc
453 626 640 689 sententiam
662 627 803 692 accedere
824 648 992 708 possumus.
1026 627 1117 690 Illius
1135 648 1244 690 versus
1262 649 1318 691 nec

69 736 173 797 verbis
198 730 325 821 πατρὸς
345 733 490 825 γέροντος
512 759 567 800 nec
589 739 694 802 verbis
715 736 808 824 ξένης
829 734 887 803 ἐπὶ
910 731 1033 820 χθονός
1054 761 1157 803 carcre
1178 741 1257 803 velis
1287 745 1319 802 et

68 849 202 912 Nauckii
224 849 400 913 coniectura
429 846 486 914 cdv
510 851 605 938 σφῷν
632 837 668 917 dv
697 843 804 937 εὕρηκ’
831 853 961 916 molesta
990 858 1039 914 est
1064 859 1191 933 propter
1219 855 1318 935 ipsam

69 962 310 1024 conlocationem
338 964 555 1027 vocabulorum
586 955 644 1030 σύν
678 963 791 1051 σφῷν,
824 965 934 1045 quibus
965 967 1141 1044 pronomine
1174 958 1209 1031 ὅι·
1240 988 1318 1047 pone

68 1075 227 1136 conlocato
249 1075 377 1136 nimium
399 1076 542 1156 ponderis
564 1075 694 1138 additur.
728 1077 812 1139 0.R.
827 1098 935 1141 versus
951 1098 1037 1153 vero,
1061 1099 1147 1158 quem
1160 1079 1318 1139 Nauclrius

70 1188 143 1265 quia
165 1187 301 1267 Oedipus
323 1193 414 1250 antea
435 1209 496 1250 non
526 1188 626 1250 minus
648 1190 813 1252 veritatem
843 1195 965 1252 secutus
994 1191 1051 1266 sit,
1083 1191 1221 1270 ineptum
1242 1191 1319 1252 dicit

69 1301 213 1379 ignorata
235 1301 360 1380 propria
381 1300 415 1361 vi
437 1302 608 1364 sententiae
630 1298 688 1365 καί
711 1323 764 1368 σοι
787 1293 930 1388 τάληθὲς
951 1298 1054 1390 ἐξερῶ
1076 1303 1120 1378 ei,
1155 1305 1207 1384 qui
1229 1326 1319 1383 aegre

69 1416 107 1476 ab
132 1416 233 1477 anim0
255 1414 400 1494 impetrat
422 1435 486 1476 rem
507 1417 633 1478 fatalem
656 1417 772 1496 oloqui,
803 1417 1059 1493 accommodatae,
1090 1424 1154 1479 tam
1177 1419 1319 1499 egregius

69 1533 119 1590 est
146 1533 271 1607 tamque
293 1533 384 1610 aptus
414 1529 453 1590 ad
481 1529 633 1591 adfectum
655 1529 766 1608 Oedipi
795 1530 1037 1609 exprimendum,
1069 1536 1105 1592 ut
1134 1532 1172 1592 ab
1203 1552 1236 1594 ao
1267 1532 1319 1610 qui

69 1641 191 1722 integre
213 1641 343 1717 iudicat,
366 1643 484 1705 alienae
505 1643 608 1704 manui
630 1643 728 1704 tribui
748 1646 888 1722 nequeat.

158 1757 348 1837 Quamquam
370 1757 469 1838 igitur
491 1757 695 1832 concedimus,
719 1777 822 1820 omues
844 1758 916 1818 illas
938 1757 1105 1835 lectiones,
1128 1776 1203 1836 quas
1226 1777 1319 1835 supra

71 1871 295 1945 enarravimus,
329 1869 538 1949 grammaticis
568 1870 659 1932 facile
689 1870 837 1949 imputari
865 1891 969 1950 posse,
1004 1870 1057 1948 qui
1085 1870 1182 1930 multa
1204 1869 1267 1929 alia
1290 1872 1322 1930 et

70 1983 248 2046 difficiliora
277 1987 473 2045 correxerunt
496 1984 564 2062 (cfr.
587 1982 729 2045 Elmslcii
757 1983 858 2046 adnot.
882 1983 920 2044 ad
942 1983 978 2046 0.
1002 1982 1034 2044 C.
1057 2005 1085 2044 v.
1109 1982 1127 2042 7
1150 2003 1179 2061 p.
1201 1981 1243 2042 88
1266 2002 1320 2060 sq.,

70 2096 165 2158 Dind.
187 2095 232 2157 ed.
253 2096 314 2160 vol.
336 2096 418 2158 VIII
447 2116 476 2175 p.
500 2095 571 2174 12),
605 2101 708 2159 tamen
736 2096 815 2176 nisi,
851 2097 931 2176 quod
960 2116 1022 2158 non
1049 2095 1187 2171 videtur,
1222 2095 1322 2156 simile

71 2207 185 2270 accidit
215 2208 248 2268 in
277 2209 326 2270 his
356 2208 473 2270 duobus
502 2209 658 2285 versibus,
693 2213 785 2290 atque
811 2210 846 2271 in
872 2209 922 2272 El.
949 2231 980 2273 v.
1002 2208 1086 2270 1485
1107 2229 1176 2288 ‘sq.‚
1207 2188 1273 2288 qui‘
1288 2207 1322 2268 iu

72 2322 209 2402 margine
232 2321 343 2401 scripti
365 2325 437 2382 suut
459 2323 497 2382 ab
520 2322 582 2383 alia
604 2343 695 2384 manu
716 2323 819 2403 paullo
841 2322 1008 2385 recentiore
1031 2322 1065 2383 in
1082 2323 1177 2383 litura
1195 2321 1321 2382 duorum

72 2455 228 2509 versuum,
250 2432 303 2514 qui
325 2433 407 2495 hand
428 2433 514 2495 dubii
533 2434 624 2496 iidem
647 2455 755 2495 versus
777 2437 901 2498 fuerunt
924 2436 992 2515 (cfr.
1014 2434 1055 2495 ib.
1069 2434 1152 2494 1498
1169 2435 1236 2511 sp),
1258 2452 1320 2493 non

72 2567 234 2626 possumus
256 2567 317 2608 non
339 2547 534 2622 contendere,
557 2552 678 2626 praeter
700 2549 812 2610 librum
834 2548 921 2608 illum
944 2547 1092 2626 optimum
1114 2546 1207 2606 etiam
1229 2545 1321 2606 aliam

41 2716 44 2721 .
74 2660 250 2722 memoriam
272 2658 473 2721 deterioribus
495 2660 586 2720 libris
615 2659 705 2721 tradi.
749 2660 881 2723 Videtur
908 2666 1008 2722 autem
1038 2659 1156 2749 sincera
1186 2663 1217 2720 at
1245 2680 1321 2738 quae

74 2773 271 2847 coniecturis,
299 2772 590 2852 interpolationibus
613 2772 746 2834 nondum
768 2773 935 2853 depravata
957 2777 1017 2850 est,
1047 2773 1138 2834 huius
1161 2772 1322 2833 memoriae

74 2907 147 2966 pars
170 2887 382 2948 simillima
412 2887 508 2948 fuisse
529 2887 691 2949 memoriae
719 2887 793 2948 libri
814 2887 1031 2962 Laurentium,
1060 2886 1180 2947 easdem
1202 2905 1322 2964 corrup-

74 2998 169 3073 telas,
190 2998 317 3059 lacunas
339 2999 493 3062 habuisse.
523 3001 602 3061 Nam
623 3001 781 3080 pleraque,
804 2999 936 3078 quaein
958 2998 1145 3079 apographis
1165 2995 1323 3058 emendata

75 3115 155 3186 sunt,
179 3131 216 3172 ex
231 3111 422 3187 coniecturis,
446 3132 522 3191 queo
540 3113 632 3173 aliter
646 3113 799 3192 leguntur,
822 3132 859 3174 ex
870 3111 1110 3173 correctionibus
1127 3108 1322 3170 librariorum

74 3225 126 3287 vel
147 3225 415 3304 grammaticorum
436 3228 574 3305 profecta
595 3245 663 3287 esse
694 3225 835 3306 plurimis
862 3225 939 3286 loeis
962 3225 1183 3304 comprobatur.
1228 3221 1322 3283 Cuius

74 3338 121 3398 rei
136 3339 299 3400 maximum
314 3339 524 3402 documentum
540 3339 738 3419 suppeditant
752 3338 890 3401 diversae
904 3337 1052 3398 lectiones
1067 3335 1182 3397 codicis
1193 3335 1322 3421 Flor.y.,

76 3450 130 3529 qui
152 3450 246 3511 etiam
268 3452 385 3513 scholia
407 3471 468 3513 non
490 3474 527 3514 ax
548 3451 756 3514 Laurentiano
777 3449 998 3530 transscripta,
1030 3447 1084 3510 sed
1106 3447 1227 3509 aliunde
1248 3446 1324 3508 deri-

75 3567 151 3626 vata
172 3561 268 3625 habet
291 3565 358 3648 (cfr.
380 3564 520 3627 Dindorf.
542 3566 638 3645 praef.
662 3565 707 3627 ed.
730 3565 824 3627 schol.
846 3585 876 3644 p.
888 3565 940 3643 V).
961 3597 998 3606 --
1022 3561 1082 3624 Hic
1104 3582 1218 3642 paucos
1239 3562 1324 3624 locos

75 3675 216 3756 insignes
238 3677 419 3754 adferemus,
448 3683 598 3757 utquam
626 3679 828 3758 periculosum
858 3678 902 3739 sit
923 3676 1090 3739 deteriores
1117 3675 1214 3736 libros
1237 3672 1322 3753 sequi

75 3789 315 3852 manifestemus.
359 3790 440 3852 Phil.
469 3791 554 3852 1265
584 3811 629 3871 sq.
657 3791 825 3854 deteriores
854 3789 929 3852 libri
957 3790 1073 3850 habent
1101 3787 1173 3869 μῶν
1202 3782 1236 3850 τί
1264 3807 1324 3867 μοι

76 3899 158 3989 μέγα
187 3891 333 3988 πάρεστε
362 3893 445 3991 πρός
472 3907 600 3968 κακοῖσι
630 3901 817 3984 πέμποντες
840 3891 954 3978 κακόν,
984 3903 1031 3963 La
1060 3892 1146 3964 κακά
1176 3917 1325 3980 superscr.

78 4003 113 4080 όν
136 4035 155 4077 a
176 4036 214 4078 m.
236 4037 282 4096 pr.
325 4015 417 4079 Vidit
439 4015 689 4080 Schneidewinus
711 4013 793 4102 μέγα
815 4019 990 4096 corruptum
1013 4034 1080 4076 ease
1108 4034 1146 4075 ex
1168 4009 1232 4076 νέα.
1270 4012 1325 4088 Εἰ·

32 4149 37 4154 ·
78 4127 196 4188 militer
217 4147 246 4189 ν.
269 4128 333 4189 554
355 4118 446 4214 ἀμφὶ
475 4127 535 4193 σοῦ
563 4125 632 4205 νέα,
666 4128 747 4207 quod
776 4126 917 4189 restituit
938 4120 1091 4200 Auratus,
1124 4125 1325 4204 depravatum

78 4244 127 4299 est
153 4239 187 4301 in
208 4231 298 4327 ἀμφὶ
322 4231 351 4304 σ’
375 4231 489 4304 οὕνεκα
511 4239 559 4319 (in
580 4240 663 4302 Plor.
684 4264 713 4326 γ.
737 4230 846 4326 ἀμφὶς
875 4234 984 4302 εἵνεκα
1011 4236 1116 4298 addito
1143 4259 1191 4320 γρ.
1216 4228 1327 4321 ἀμφὶς

79 4342 114 4416 dv
138 4341 248 4439 [ἀμφὶ
276 4341 370 4432 odai]
399 4343 472 4416 dni
500 4353 557 4418 τοῦ
583 4351 660 4440 περὶ
688 4350 774 4434 σοῦ).
819 4353 864 4414 Ib.
885 4351 949 4413 409
978 4351 1027 4412 La
1054 4345 1189 4431 μέλλοι,
1223 4366 1327 4426 apogr.

80 4464 182 4526 omnia
203 4460 314 4547 μέλλει
336 4469 368 4527 et
388 4464 455 4526 494
475 4466 523 4527 La
543 4453 679 4550 βεβήκοι
702 4485 770 4527 cnm
792 4464 864 4526 aliis
886 4463 991 4539 libris,
1021 4461 1077 4523 alii
1104 4447 1245 4542 βεβήκῃ,
1273 4457 1328 4520 ubi

1129 4569 1168 4615 aa
