2956 4934
729 243 749 303 3
984 210 1009 277 'd

200 471 271 536 Aac
295 472 379 537 1232
403 467 587 554 „dorstado
611 473 693 552 λως,
723 481 833 539 vante
853 476 871 541 λ
894 498 930 538 ex
953 498 971 539 ο
995 467 1118 540 factori
1146 478 1359 559 superscripto.

113 586 229 649 Eadem
251 607 288 648 m.
309 584 428 673 ξίφους
451 609 543 668 supra
563 592 714 650 vcrsnm“.
759 589 822 652 cfr.
844 589 996 653 Dindorfii
1019 590 1121 652 adnot.
1158 590 1234 651 Fuit
1255 589 1360 670 procul

114 701 206 764 dubio
229 691 401 777 ἀντειπών,
423 696 513 777 τέλος
535 701 723 784 (postremo).
748 741 792 750 —

200 828 244 892 It.
267 829 333 892 299
357 832 496 915 βροτονς
524 853 562 895 m.
585 852 630 911 pr.
658 853 806 911 superscr.
836 855 881 895 ων
904 832 1073 920 (βροτῶν);
1109 820 1250 918 βροτούς
1279 835 1361 893 recte

114 966 147 1006 se
176 944 283 1017 habet,
318 941 477 1006 dummodo
511 947 661 1005 referatur
691 946 728 1006 ad
757 938 942 1010 ἐκδιδάσκει
974 951 1005 1006 et
1042 942 1098 1006 καὶ
1132 931 1361 1028 παραλλάσσει

115 1075 237 1143 piparas·
267 1055 437 1134 accipiatur
470 1076 524 1134 pro
559 1046 845 1145 ποραλλᾶσσονοο
878 1054 1001 1143 φρένας
1034 1059 1106 1135 (cfr.
1137 1055 1362 1118 Schneidewini

114 1171 238 1248 adnot).
262 1204 302 1214 —

201 1296 252 1359 El.
266 1296 329 1359 757
354 1287 457 1369 stude
479 1291 513 1359 ἐν
534 1300 650 1385 βραχεῖ
674 1298 779 1379 „prius
804 1322 821 1362 υ
845 1321 881 1361 ex
904 1322 920 1362 ν
942 1302 1058 1363 lactum
1079 1300 1237 1374 videtur“;
1260 1286 1362 1370 adole

114 1410 261 1472 hocloco
285 1409 401 1490 aliquid
422 1410 545 1472 molesti
567 1410 673 1473 habet:
696 1411 856 1492 legendum
878 1407 1028 1485 ἐνθέντες
1052 1415 1174 1499 βραχεῖ.
1197 1446 1238 1456 -

200 1537 245 1603 lb.
269 1538 354 1603 1483
387 1543 434 1602 La
465 1562 532 1603 cum
561 1543 623 1618 Lb,
653 1543 735 1605 Flor.
764 1568 811 1629 y.‚
845 1544 945 1604 Palat.
975 1533 1033 1608 κᾶν
1062 1537 1120 1606 ἐπὶ
1147 1528 1278 1629 μικρόν,
1316 1544 1363 1602 La

115 1651 308 1715 coniunctum
330 1672 398 1715 cum
418 1652 524 1731 glossa
546 1643 605 1716 adv
629 1646 781 1741 σμικρόν,
811 1656 988 1735 apographa
1011 1645 1069 1716 adv
1092 1645 1237 1738 σμικρόν.
1281 1652 1363 1713 Illud

114 1755 173 1830 adv
192 1759 250 1828 ἐπὶ
270 1769 371 1828 ortum
388 1764 512 1828 videtur
530 1786 568 1828 ax
586 1763 640 1828 καὶ
661 1758 704 1845 ἓν,
728 1767 807 1846 quod
828 1767 878 1830 hic
893 1767 1084 1830 desideratur
1102 1757 1177 1845 (χᾶν
1197 1752 1360 1851 σμικρόν).

116 1880 168 1942 Sic
189 1878 312 1942 tollitur
334 1879 427 1940 etiam
448 1878 527 1940 illud
549 1868 597 1951 dr,
621 1879 701 1958 quod
723 1880 868 1943 hocloco
890 1881 1020 1942 maxima
1041 1879 1166 1940 dubium
1188 1884 1244 1941 cst.
1268 1913 1309 1924 —-

201 2008 411 2072 Memorabilis
433 2006 563 2099 denique
585 2013 634 2069 est
656 2008 810 2087 scriptura
821 2000 961 2096 s’ryav'cig
978 2029 1046 2070 cum
1064 2009 1250 2087 apostrophe
1273 2029 1364 2087 super

114 2144 131 2182 ν
156 2117 191 2184 0.
213 2119 251 2182 R.
282 2119 376 2181 1506.
420 2119 585 2181 Ocnioiunt
610 2113 744 2204 e'uycrcis·
774 2119 824 2181 vel
854 2113 1027 2201 ἐκονογεῐς,
1068 2119 1217 2180 vocabula
1246 2119 1362 2179 nullius

113 2231 193 2297 fidei.
224 2231 304 2293 Mihi
326 2231 494 2311 vestigium
516 2231 706 2310 corruptelae
728 2230 761 2291 in
782 2230 838 2291 illa
860 2230 1014 2309 scriptura
1032 2229 1216 2310 deprehendi
1232 2230 1362 2293 videtur.

113 2345 302 2408 Exciderant
323 2349 395 2424 post
418 2331 626 2428 [ἅνάνδο]οος
647 2343 758 2405 literae
777 2334 838 2407 oica
861 2348 893 2405 ct
914 2343 1050 2422 reliquae
1062 2339 1145 2429 ένοις
1161 2349 1266 2406 auctae
1289 2350 1362 2406 sunt

113 2451 301 2542 ἱοέγγενεῖς.
336 2456 412 2518 (lum
435 2448 587 2535 πτωχάς,
610 2447 806 2542 ἀνάνδρους,
829 2445 973 2539 ἆστεγεῒς
991 2450 1163 2536 ἀλωμένοις
1184 2458 1239 2518 cfr.
1252 2458 1362 2519 Tracln

112 2570 176 2631 299
200 2590 244 2650 sq.
268 2556 478 2652 δυσπότμονς
499 2564 558 2633 ἐπὶ
580 2565 673 2655 ξένης
694 2560 805 2656 χώρας
828 2559 1005 2642 ἀοίκους
1028 2556 1201 2654 ἀπάτορας
1223 2562 1251 2633 a'
1274 2561 1362 2636 ἅλω-

112 2703 222 2763 μενας.
245 2716 287 2730 -

520 2903 576 2991 Ile
603 2903 790 2994 diorthotc
816 2903 958 2992 udicis

199 3074 327 3135 Praeter
348 3071 552 3136 correctiones
574 3073 691 3153 primae
712 3094 820 3135 manus
842 3075 935 3136 etiam
957 3075 1037 3137 aliae
1058 3095 1166 3136 manus
1184 3096 1306 3154 operam
1329 3075 1361 3137 in

6 3174 10 3179 ⁴
111 3186 159 3248 Ira
179 3186 384 3252 contulerunt.
428 3187 514 3248 Inter
544 3187 601 3247 has
629 3185 794 3266 plurimum
816 3187 910 3249 habet
938 3187 1135 3250 auctoritatis
1157 3188 1222 3250 cius
1245 3209 1361 3264 manus,

112 3299 166 3380 qui
190 3321 209 3360 a
230 3300 389 3363 Dindorfio
411 3299 582 3362 diorthotes
604 3304 732 3362 vocatur
754 3304 799 3375 et,
831 3300 904 3379 qnia
926 3299 1007 3362 idem
1028 3300 1146 3362 scholia
1167 3301 1200 3362 in
1222 3302 1361 3380 margine

113 3411 294 3492 adscripsit,
323 3413 459 3474 literaS
491 3412 679 3492 designatur.
723 3414 807 3474 Haec
837 3412 985 3488 eiusdem,
1014 3417 1051 3474 ut
1072 3412 1210 3488 videtur,
1239 3415 1361 3490 saeculi,

113 3544 173 3603 quo
195 3523 289 3586 codex
311 3525 447 3604 scriptus
469 3530 525 3599 cst,
548 3544 654 3585 manus
673 3525 771 3586 multa
791 3524 902 3587 leviter
912 3525 1028 3587 vitiata
1043 3526 1222 3602 emendavit,
1245 3528 1361 3604 literas,

112 3636 257 3712 sillabas,
287 3637 438 3700 vocabula
460 3657 479 3697 a
500 3657 545 3716 pr.
567 3657 605 3697 m.
628 3637 742 3699 omissa
763 3636 883 3699 addidit
904 3640 936 3717 (ν
957 3637 991 3699 in
1013 3634 1120 3715 ἐστίν,
1147 3629 1176 3703 δ’
1199 3640 1233 3701 in
1254 3632 1362 3717 τῶνδ’,

112 3728 194 3835 τῇδ’,
216 3739 336 3829 τοῖσδ’,·
362 3745 410 3826 δέ,
433 3744 479 3821 σε’,
501 3745 555 3831 νὲ;
578 3768 598 3811 ο
619 3748 654 3810 in
676 3748 774 3836 δρᾷς;
801 3749 858 3814 adv
879 3749 913 3812 in
935 3738 1159 3830 mvovvsv'paz'
1182 3752 1216 3814 0.
1230 3753 1263 3815 0.
1285 3754 1361 3830 5643

113 3851 136 3926 ἂ
159 3851 187 3923 δ’
210 3859 245 3922 in
274 3851 417 3928 κλαυστοὶ
446 3851 475 3925 δ’
498 3856 589 3926 ἐστίν
619 3861 660 3924 ib.
685 3863 785 3939 13603
819 3858 877 3927 δαί
899 3855 933 3942 μ’
956 3865 1091 3927 mutavit
1117 3865 1151 3926 in
1179 3856 1208 3929 δ’
1231 3863 1306 3932 αἵδε
1328 3858 1361 3948 μ’

115 3971 214 4047 1364,
237 3963 456 4054 οὐτοουνέχειν
472 3979 579 4039 cnm-t
598 3993 689 4053 snper
705 3973 854 4053 pscripto
870 3974 905 4037 in
915 3965 1179 4055 ὀὖτοιουνέχθειν
1195 3976 1269 4039 Ant.
1282 3979 1361 4056 5233

113 4074 186 4150 ’ἴσθ’
210 4076 256 4158 οἷς
276 4086 310 4147 in
330 4078 409 4152 iuda
431 4077 462 4150 δ’
485 4075 531 4160 οἷς
552 4086 600 4148 El
625 4086 724 4164 13623
746 4086 879 4149 inscruit
900 4076 940 4152 cd
963 4088 997 4150 0.
1020 4089 1057 4150 R.
1079 4088 1158 4165 440;
1181 4080 1221 4154 ἄν
1242 4091 1283 4153 ib.
1297 4091 1361 4152 857

112 4195 193 4258 Phil.
210 4197 291 4274 3063
314 4189 399 4283 πρὸς
420 4197 455 4259 Ο.
477 4197 515 4260 Β.
540 4198 639 4275 1302;
661 4189 706 4284 μή
729 4197 804 4261 Ant
828 4199 885 4274 913
908 4191 980 4266 τάδ’
1005 4199 1039 4262 Ο.
1062 4199 1094 4262 0.
1119 4201 1216 4277 1729;
1239 4198 1298 4281 μὲν
1319 4195 1362 4268 τοὶ

113 4312 161 4372 El.
192 4311 271 4387 2613
311 4297 406 4396 τήνδε
433 4311 474 4374 ib.
506 4312 606 4388 15053
640 4307 765 4395 γένοιτο
792 4312 832 4374 ib.
863 4312 975 4392 1490),
1011 4315 1106 4376 verba
1134 4316 1362 4394 transposuisse

114 4423 236 4486 videtur
257 4424 338 4486 Phil.
361 4425 424 4485 859
448 4425 495 4504 (β’
517 4411 547 4486 α’
571 4444 662 4504 super
688 4416 812 4497 ἐσθλὸς
850 4415 951 4498 ὕπνος
982 4425 1132 4487 adiorth.
1155 4428 1205 4489 vel
1234 4429 1296 4490 alia
1324 4451 1373 4489 m„
