2956 4934
714 241 754 302 16

630 343 836 359 ΜΝΛΛΛΛΛΛΛΝΜἎΛΝἉ

111 471 146 562 μ’
168 474 328 561 ἐκμαθεῖν
349 498 380 558 ρ.
401 469 448 562 μὴ
468 471 644 558 ἐκμαθεῖν,
668 467 794 540 14451’
810 464 850 540 dv
871 494 900 554 p.
914 462 998 557 adv).
1032 469 1217 550 Saepissime
1238 468 1358 531 coronis

112 592 268 655 omittitur
289 595 338 671 (ut
360 591 394 653 0.
416 591 454 652 R.
478 590 563 651 1504
585 580 614 654 d*
635 575 841 675 φονεύσομεν
862 607 892 667 p.
915 575 944 648 ui
964 576 1207 672 ’φνιει’σαμεν).
1229 617 1272 628 --

461 787 508 858 Π.
531 784 789 872 Proprietates
812 779 1013 853 scribendi.

199 932 268 994 Non
289 931 387 993 multo
409 930 568 1010 graviores
591 933 664 991 sunt
691 927 896 1008 proprietates
925 924 1072 1006 quaedam
1098 922 1266 1000 scribendi,
1297 923 1361 986 nisi

115 1045 196 1125 quod
221 1019 388 1107 nonnullae
406 1063 509 1105 aarum
537 1041 653 1121 aliquid
674 1041 781 1105 valent
803 1039 841 1101 ad
863 1039 1009 1101 iudicium
1030 1036 1067 1100 de
1088 1036 1233 1099 memoria
1254 1041 1361 1099 textus

113 1156 282 1231 ferendum,
305 1156 384 1218 eliae
406 1155 500 1216 ctiam
522 1153 674 1234 corruptis
696 1153 773 1215 locis
794 1153 891 1231 lucem
913 1151 1064 1213 adferunt

199 1272 335 1332 Persona
364 1267 496 1330 secunda
524 1267 602 1346 sing.
630 1266 749 1347 passivi
779 1265 813 1326 in
839 1287 870 1328 ει
899 1263 1046 1327 scribitur
1068 1285 1104 1348 ηι
1127 1281 1264 1344 semper,
1297 1261 1362 1322 nisi

114 1383 195 1464 quod
214 1381 266 1444 Αἰ.
290 1382 353 1442 196
377 1375 525 1467 στηρίξει
546 1400 606 1460 pn,
628 1374 783 1464 σιηρίζιμ
805 1397 863 1440 rec.
886 1377 1020 1457 scripsit.
1061 1376 1096 1438 0.
1119 1377 1156 1437 R.
1180 1375 1243 1436 919
1268 1373 1362 1436 etiam

113 1487 218 1582 depo,
239 1485 268 1561 εἷ
284 1515 322 1556 m.
337 1493 473 1572 antiqua.
489 1527 529 1539 -
552 1490 752 1571 Adscriptum
773 1490 979 1572 osaepissime
1001 1489 1068 1552 sine
1089 1488 1209 1550 ratione
1223 1487 1362 1550 additum

114 1612 220 1670 estut
241 1605 386 1695 φρονοῖι,
409 1603 553 1682 δικαιῶν,
577 1599 685 1690 ἐναγῆι
709 1604 791 1665 011.
810 1604 873 1665 666
896 1624 924 1683 p.
947 1598 1054 1688 ἐναγῆ,
1076 1592 1212 1686 ὀρθοίηι
1234 1601 1276 1663 ib.
1289 1601 1360 1676 829,

113 1710 287 1807 πρώιτοις,
309 1711 421 1804 ὁρᾶιν,
444 1718 542 1798 (0.3.
569 1718 654 1803 1334
676 1705 769 1804 όρᾶιν
793 1739 805 1779 ι
827 1717 937 1795 eraso),
960 1711 1059 1804 πέραν
1081 1713 1174 1794 (0.0.
1186 1714 1251 1774 210
1274 1710 1362 1800 πέρα

115 1853 182 1895 cum
205 1853 217 1896 ι
240 1853 331 1913 super
353 1856 374 1894 α
398 1831 542 1911 scripto),
571 1826 673 1917 οἰκῆι,
701 1819 794 1894 τῶιδ
818 1829 852 1890 0.
875 1828 908 1891 0.
932 1828 1016 1890 1600
1039 1848 1069 1908 p.
1090 1819 1137 1892 coi
1160 1819 1208 1903 δ’,
1233 1819 1361 1913 ici-tque

115 1945 162 2027 (0.
185 1946 222 2007 R.
247 1945 309 2006 787
332 1932 502 2032 tdrdpue);
526 1944 560 2005 0.
575 1944 613 2005 R.
636 1943 700 2004 870
722 1933 847 2029 tritique
869 1963 956 2004 craso
980 1965 999 2025 ρ
1021 1961 1077 2022 pro
1099 1929 1190 2005 adca
1213 1940 1362 2021 scriptum

115 2061 294 2137 argumento
323 2077 389 2118 esse
417 2060 520 2135 potest
541 2054 693 2135 principio
721 2054 754 2114 in
775 2042 886 2142 λάθρα
913 2074 975 2118 non
1004 2053 1100 2115 fuisse
1123 2074 1135 2115 ι
1157 2051 1361 2133 adscriptum,

116 2169 150 2231 Ο.
168 2171 207 2231 R.
229 2170 313 2230 1328
336 2164 450 2255 ἕπῆιρε
473 2168 535 2250 (ΕΙ.
557 2167 599 2228 54
617 2157 747 2251 ἤρμενοι
771 2189 782 2229 ι
805 2171 877 2247 post
898 2158 917 2252 ἡ
941 2187 966 2228 a
988 2188 1027 2228 m.
1048 2187 1106 2229 rec.
1129 2166 1248 2243 addito,
1283 2166 1362 2246 quod

116 2283 196 2345 male
225 2281 342 2361 recepit
369 2280 569 2357 Dindorfius).
613 2278 734 2358 Ubique
763 2266 860 2365 φὴις,
889 2281 969 2341 solet
999 2269 1147 2359 σωίζειν,
1179 2276 1361 2366 devitorem,

117 2387 313 2484 θρώισκειν,
336 2385 462 2473 ξώιειν,
492 2381 680 2480 arridaeum,
703 2391 773 2453 alia.
818 2390 948 2471 Copiose
970 2392 1116 2473 docteque
1139 2393 1176 2454 de
1197 2392 1248 2454 his
1270 2395 1361 2454 rebus

116 2508 290 2589 disputavit
310 2504 334 2570 I.
356 2507 404 2568 La
424 2507 528 2568 Roche
551 2505 584 2566 in
595 2505 674 2566 Ann.
699 2506 791 2567 schol.
814 2503 920 2568 Austr.
934 2506 989 2582 16,
1013 2526 1039 2567 a.
1057 2505 1142 2568 1866
1160 2526 1189 2586 p.
1201 2505 1362 2567 89-128.

116 2622 280 2685 Molestum
301 2620 425 2684 videtur
446 2609 650 2702 παράδοσιν,
671 2640 733 2682 non
753 2623 868 2681 rectem
890 2620 1039 2682 rationem
1062 2619 1157 2699 sequi.

202 2733 294 2794 Aliae
311 2731 517 2812 proprietates
532 2735 605 2792 sunt
618 2724 742 2796 λεόσειν
763 2734 996 2812 (semperiere),
1017 2728 1181 2819 γίνεσθαι,
1202 2722 1363 2818 γινώσκω,

118 2837 300 2932 ἔνκορπιυς,
323 2835 525 2928 πᾶνκαρπος,
549 2863 606 2928 συγ
628 2829 821 2929 κατόγμασι,
845 2863 907 2924 συμ
931 2835 1068 2927 πλήθει,
1091 2837 1130 2924 ἐμ
1154 2839 1263 2926 μέσῳ,
1286 2843 1364 2926 (sce-

117 2956 242 3037 pissime
264 2957 439 3036 praeposito
461 2955 669 3035 adsimilitur),
693 2959 795 3032 ποεῖν,
816 2956 871 3017 ubi
892 2956 1061 3036 penultimo
1083 2955 1262 3035 corripitur,
1286 2948 1363 3042 χροΐ

116 3057 151 3154 ἧι
172 3087 201 3148 p.
223 3065 317 3154 χρείη
341 3055 490 3154 (χρῆσται
512 3089 540 3148 ρ.
563 3067 729 3153 χρῆσται),
753 3060 798 3132 ὅτ’
822 3058 870 3144 div,
893 3059 947 3134 ὅθ’
971 3058 1100 3145 οὕνεκα,
1123 3059 1203 3147 μεθ’·
1223 3058 1264 3133 iic
1283 3089 1363 3152 ερον.
1400 3078 1403 3083 ’

203 3181 288 3256 Quae
316 3181 353 3243 de
381 3176 418 3244 ei
425 3200 442 3252 ς
469 3185 500 3242 et
527 3175 584 3256 ἐς,
616 3172 694 3244 aiom
717 3186 749 3244 ct
776 3176 840 3244 ε”οω
863 3180 925 3242 viri
954 3180 1040 3242 docti
1069 3179 1263 3260 praecipiunt
1295 3180 1364 3257 (cfr.

117 3294 251 3356 Ellendt.
273 3294 332 3356 lex.
355 3314 380 3355 s.
401 3296 453 3372 u),
477 3293 595 3355 incerta
618 3298 704 3370 sunt3
728 3293 905 3355 Dindorfius
927 3292 1092 3372 praecipit,
1115 3297 1151 3353 ut
1173 3296 1270 3352 metro
1292 3310 1360 3353 con·

118 3407 242 3468 cedente
265 3403 312 3482 εἷς
334 3411 406 3468 ante
428 3406 576 3479 vocalem,
608 3399 641 3477 ἐς
664 3410 735 3466 ante
763 3408 978 3466 consonantem
1008 3405 1169 3466 scribatur.
1213 3403 1365 3483 Equidem

118 3517 217 3580 tutius
238 3517 313 3578 duco
336 3518 370 3579 in
391 3519 449 3580 hac
471 3539 504 3578 re
531 3517 636 3596 paucis
667 3517 744 3578 locis
774 3517 909 3596 exceptis
936 3517 1049 3578 librum
1069 3519 1116 3579 La
1147 3517 1249 3596 sequi,
1280 3516 1366 3578 euius

119 3630 335 3692 auctoritatem
356 3650 418 3692 non
439 3629 658 3710 neglegendam
681 3650 747 3692 esse
770 3650 807 3690 cx
828 3650 887 3692 uno
909 3630 976 3692 loco
998 3631 1161 3710 perspicio.
1194 3631 1274 3692 Nam
1297 3651 1363 3692 cum

118 3743 165 3805 ibi
193 3744 289 3806 scribi
317 3743 415 3805 soleat
443 3736 477 3814 ἐς
501 3734 621 3822 δόμους
644 3741 707 3822 (Ai.
731 3743 771 3803 63
794 3742 967 3805 Brunokius
996 3744 1157 3822 correxit),
1191 3744 1301 3805 Trach.
1325 3743 1368 3805 34

119 3851 166 3927 εἷς
190 3843 313 3936 δόμους
334 3876 369 3919 ιε
391 3844 453 3919 coin
476 3842 588 3934 δόμων
611 3855 760 3935 scriptum
783 3859 832 3917 est
852 3856 959 3935 procul
980 3855 1088 3932 dubio,
1111 3856 1172 3918 etsi
1188 3855 1367 3919 Dindorfius

119 3969 171 4031 hic
194 3990 311 4048 quoque
334 3964 368 4048 ἐς
391 3957 509 4052 δόμους
539 3970 685 4050 corrigit,
715 3975 811 4046 reete,
842 3992 909 4033 cum
932 3972 1106 4052 oppositum
1134 3967 1171 4036 ἐκ
1199 3972 1369 4052 pleniorem

119 4083 248 4144 formam
270 4088 380 4163 poscat
401 4081 470 4168 (cfr.
492 4083 566 4146 Ant.
581 4084 644 4146 202
669 4080 706 4149 αἵ
727 4073 755 4148 τ’
778 4073 859 4148 sicto
883 4080 995 4170 στέγης
1017 4080 1055 4149 αἵ
1076 4075 1103 4148 τ’
1128 4075 1221 4158 ἐκτός
1243 4079 1369 4171 αὐλῆς).

119 4195 205 4257 Idem
235 4190 394 4257 dicendun'r
421 4197 458 4259 de
479 4188 554 4261 σόν
583 4203 615 4261 et
637 4198 656 4279 ξ
663 4189 730 4284 όν,
764 4198 800 4260 de
828 4199 938 4277 quibus
959 4198 1182 4262 Horwerdenus
1212 4199 1247 4261 in
1273 4202 1369 4280 praef.

121 4307 193 4369 edit.
215 4308 250 4369 Ο.
272 4310 310 4370 R.
333 4310 411 4371 hanc
433 4311 533 4390 legam
555 4310 682 4386 statuit,
711 4314 748 4372 ut
769 4299 827 4376 οόν
849 4315 921 4372 ente
951 4315 1180 4388 consonantem,
1211 4301 1269 4392 ξόν
1297 4320 1370 4376 ente

120 4421 258 4484 vocalem
286 4421 453 4498 scribetur,
481 4421 544 4483 nisi
566 4422 645 4502 quod
671 4421 763 4486 initio
793 4443 901 4486 versus
928 4423 1023 4486 ctiam
1049 4428 1122 4486 ante
1150 4430 1369 4488 consonantem
