2956 4934
757 296 800 358 74

769 400 881 414 mmm

157 528 330 608 corrigendi
353 530 571 609 supplendique
593 550 702 591 munus
724 531 942 610 suscipiebant.
986 531 1031 593 Ut
1058 528 1211 609 principio
1233 549 1332 609 pauca
1354 528 1404 590 ad·

156 643 268 717 feram,
290 662 367 721 quae
388 643 467 704 falso
488 642 601 705 iudicio
623 643 707 705 ducti
729 648 927 706 correxerunt
947 644 1012 719 illi,
1034 645 1090 706 cfr.
1112 641 1163 704 Ai.
1177 633 1404 727 207εδιιερων

156 744 258 839 ι’ίγραν
285 774 340 834 pro
368 744 475 838 είῖερον
502 746 601 842 δίγραν
623 753 762 837 (propter
785 756 855 834 64),
891 757 953 817 358
977 746 1073 820 ιῘλίαν
1093 777 1122 836 p.
1145 746 1237 820 ἅλιον
1265 755 1405 838 (propter

156 850 309 942 πλάταν),
331 865 394 925 372
417 861 511 947 χερσὶ
535 885 590 944 pro
613 864 695 953 χερί,
717 867 780 928 569
803 860 964 954 Ἐριβοίαν
987 863 1067 952 λέγω
1091 889 1120 947 ρ.
1141 860 1283 951 Ἐριβοίρ
1307 860 1401 948 λέγω,

158 977 220 1038 613
243 967 365 1062 μέγιστ’
388 976 442 1055 (ad
464 970 540 1062 ἔργα
562 976 705 1058 relatum)
729 970 848 1066 ἀρετᾶς
863 1000 891 1058 p.
903 975 1059 1065 μεγίστας
1070 971 1198 1064 δρετᾶς,
1221 977 1284 1038 623
1297 974 1403 1058 λευκοί

157 1088 210 1169 [ad
231 1080 312 1174 γήρᾳ
335 1090 478 1168 relatum)
497 1073 555 1169 ᾒο
586 1082 700 1166 λευκοί,
732 1093 793 1152 633
817 1080 996 1175 οἶμδγματα
1023 1112 1079 1170 pro
1109 1079 1240 1174 δίμυγμα
1263 1091 1404 1167 (propter

157 1200 334 1266 πεσοῦνται
356 1200 499 1284 δοῦπον),
521 1202 585 1268 634
607 1193 627 1289 ἢ
648 1224 704 1284 pro
727 1195 745 1268 ὁ
766 1207 852 1284 (post
873 1200 1063 1292 κρείσσισν);
1094 1202 1128 1263 0.
1150 1202 1183 1264 O.
1206 1201 1271 1263 228
1293 1195 1404 1266 οδδενί

156 1334 216 1397 μοι
240 1308 357 1400 ραιδία
379 1313 413 1392 (i.
435 1335 458 1376 a
482 1310 598 1398 ῥᾳδία)
619 1336 665 1394 pr.
686 1336 741 1396 pro
763 1313 927 1404 μοιριδία.

244 1426 291 1487 De
303 1426 543 1488 correctionibus
555 1429 761 1509 corruptelam
778 1429 976 1508 sequentibus
996 1429 1050 1490 cfr.
1067 1449 1143 1508 quae
1160 1447 1253 1507 supra
1271 1428 1342 1506 (sub
1352 1426 1405 1487 III

157 1559 186 1618 p.
200 1538 254 1616 13)
266 1538 467 1616 contulimus;
490 1540 524 1600 0.
537 1539 569 1603 O.
582 1541 644 1602 300
664 1531 761 1606 αδτδν
773 1532 850 1605 ιῖίστΊ
862 1563 952 1622 quum
967 1541 1001 1602 in
1018 1533 1095 1606 α’τδν
1113 1530 1191 1604 ὥστ’
1204 1540 1348 1614 abiisset,
1370 1539 1405 1600 in

157 1640 290 1723 ἀπόνως
311 1641 338 1715 τ’
361 1655 545 1733 correctum;
580 1653 643 1714 680
672 1640 892 1738 ἀμφιπδνοιν,
920 1657 1096 1732 corruptum
1123 1673 1160 1712 ex
1189 1641 1404 1736 ἀμφιπολεῖν,

157 1759 191 1824 in
213 1754 426 1846 α’μφιπωλαίν
448 1767 631 1839 correctum3
664 1765 748 1825 1130
772 1786 862 1844 quum
891 1755 973 1850 χαῖρ’
997 1765 1109 1825 lectum
1138 1767 1220 1824 esset
1247 1782 1303 1841 pro
1326 1753 1403 1850 χέρ’,

156 1877 229 1954 post
250 1862 362 1954 δεξιάν
384 1875 520 1937 additum
543 1881 591 1937 est
611 1872 655 1954 c‘;
686 1877 770 1937 1148
793 1868 880 1964 οἷγιδν
901 1895 957 1957 pro
980 1863 1066 1962 οἷγοίν
1089 1875 1204 1956 scripto
1227 1863 1321 1952 οὗτος
1353 1876 1404 1937 ad-

157 1985 271 2061 ditum
308 1987 392 2048 1682
423 1976 603 2076 φερόμενον
637 1988 670 2050 in
699 1981 897 2074 φαινόμενον
932 1993 1107 2069 corruptum
1137 1987 1172 2049 in
1204 1975 1404 2074 μαινόμεναι

158 2086 312 2174 (πλάκες)
334 2102 483 2160 mutatum
505 2103 559 2161 est.
605 2100 714 2162 Treoh.
732 2101 794 2162 266
818 2121 908 2180 quum
932 2097 1047 2185 φανείς
1069 2103 1244 2178 corruptum
1266 2104 1349 2162 esset
1370 2101 1404 2162 in

160 2196 280 2293 φαίνει,
313 2200 385 2274 ἀντὶ
418 2210 452 2271 in
488 2202 534 2284 ιδς
562 2215 743 2288 correctum
782 2212 865 2273 1163
898 2231 990 2291 quum
1023 2202 1107 2296 πρὸς
1140 2211 1277 2274 additum
1311 2217 1401 2288 esset,

158 2312 362 2399 ἐμπνεόντων
395 2322 428 2383 in
460 2315 625 2388 cccccccccc
650 2323 808 2387 redactum
831 2324 914 2408 (nisi
944 2325 1023 2387 forte
1051 2325 1184 2387 scribere
1212 2324 1261 2389 vis
1289 2328 1404 2391 θανεῖν

158 2433 267 2510 ποτε).

245 2543 279 2606 O.
302 2544 334 2607 0.
359 2546 444 2608 1474
468 2567 558 2626 quum
587 2548 621 2609 in
641 2550 688 2610 Le
718 2549 842 2629 aliquod
862 2551 988 2612 verbum
1016 2547 1238 2626 intercidisset,
1270 2549 1304 2610 in
1333 2570 1404 2629 apo·

159 2655 286 2735 graphio
305 2657 399 2724 rorico
420 2660 557 2722 additum
579 2665 627 2723 est
649 2662 716 2745 (cfr.
739 2661 851 2723 multos
873 2662 965 2736 locos,
987 2661 1040 2723 ubi
1060 2663 1155 2723 verba
1176 2661 1210 2722 iu
1223 2662 1272 2724 Le
1288 2662 1404 2724 omissa

159 2766 192 2827 in
220 2787 323 2847 apogr.
353 2772 496 2852 suppleta
525 2777 619 2852 aunt).
653 2808 690 2819 -
724 2773 840 2836 Eodem
874 2773 962 2836 modo
992 2771 1066 2834 Ant.
1095 2772 1158 2835 648
1187 2761 1245 2859 ὑφ’
1275 2764 1404 2860 ἡδονῆς,

160 2879 193 2941 Ο.
216 2883 253 2943 R.
278 2883 361 2945 1383
384 2884 442 2949 τοῦ
464 2880 576 2952 Λαΐου
597 2887 717 2949 adiecta
739 2887 889 2950 videntur.

244 2994 334 3056 Nihil
355 2996 439 3058 aliud
469 3001 519 3060 ast
542 2997 632 3073 illud,
670 2987 770 3060 sicubi
791 2999 912 3061 librarii
935 2998 1055 3078 opinati
1077 2998 1212 3060 trimetri
1233 2997 1406 3078 complendi

159 3127 252 3170 causa
262 3109 443 3172 vocabulum
455 3108 652 3172 addiderunt:
675 3110 725 3172 Αἰ.
736 3112 798 3173 369
816 3104 872 3177 criu
890 3112 958 3191 (cfr.
971 3112 1056 3190 384),
1069 3111 1132 3173 905
1145 3102 1207 3199 ἆρ’,
1229 3110 1264 3172 O.
1275 3110 1308 3173 G.
1319 3111 1404 3172 1677

159 3215 216 3284 οὐκ
248 3224 356 3283 contra
390 3241 524 3297 sensum,
557 3224 666 3296 Trach.
694 3225 758 3286 808
791 3234 852 3301 τις.
895 3224 1001 3286 Etiam
1028 3224 1102 3286 Ant.
1132 3223 1219 3285 1314
1246 3222 1405 3286 Nauckius

159 3325 315 3398 ιιιίλὺσατ’
337 3354 393 3413 pro
415 3327 616 3400 κάπελύσατ’
640 3336 748 3419 (schol.
771 3328 893 3418 ἔλδετο)
915 3341 998 3398 recte
1020 3336 1186 3401 coniecisse
1207 3336 1338 3399 videtur.

245 3447 353 3525 Itaque
375 3447 537 3510 videndum
568 3453 631 3524 est,
663 3470 702 3511 ne
732 3449 811 3510 telas
841 3449 1044 3513 correctiones
1077 3449 1249 3512 etiamnunc
1278 3450 1406 3522 lateant,

159 3578 226 3621 cum
248 3578 297 3620 res
319 3559 389 3640 ipsa
409 3562 503 3636 ferat,
526 3566 562 3622 ut
583 3583 635 3624 eae
656 3562 847 3641 corruptelae
870 3562 970 3624 minus
992 3567 1168 3644 appareant.

246 3690 275 3734 α.
297 3668 370 3736 Act.
390 3669 472 3734 1301
497 3673 666 3751 speciosius
688 3695 779 3754 quam
800 3675 903 3737 varius
927 3680 975 3737 est
997 3676 1077 3754 quod
1098 3673 1249 3735 Arndtius
1271 3672 1405 3736 coniecit

159 3774 211 3868 ἥδ’
233 3772 404 3869 ὀξυθήκτῳ
435 3771 610 3864 πτώσιμος
639 3783 718 3873 περὶ
747 3783 842 3872 ξίφει
869 3775 980 3867 δχλδει
1008 3781 1071 3851 aas.
1115 3788 1179 3848 Res
1208 3785 1278 3866 ipsa
1307 3785 1405 3860 docet,

160 3896 290 3957 alterum
311 3889 370 3981 ἥδε
392 3901 567 3976 corruptum
589 3919 626 3959 ex
647 3899 755 3984 βῆμα,
785 3895 901 3981 βωμία
924 3901 993 3984 (pro
1014 3892 1156 3981 βαίμισν)
1177 3898 1320 3963 vocabuli
1342 3917 1406 3961 cor-

160 4009 245 4090 rupti
260 4000 319 4095 ἥδε
337 4009 441 4090 gratia
458 4014 627 4072 correctum
639 4031 712 4073 esse.
745 4013 843 4074 Poeta
858 4012 956 4093 igitur
971 4012 1112 4094 scripsit:
1134 4004 1186 4099 ἥδ’
1201 4000 1406 4096 δξδπλιμιτος

160 4124 229 4202 (cfr.
252 4123 360 4202 schol.)
381 4121 474 4207 βῆμα
494 4114 621 4204 βώμιον
643 4118 750 4211 πέριξ.
774 4159 815 4170 -
920 4118 926 4125 ’

59 4212 62 4218 ’
245 4233 297 4297 Ar.
321 4233 407 4298 1214
427 4236 475 4297 La
497 4225 643 4320 ἄγκειται
664 4257 741 4300 corr.
763 4257 782 4298 a
802 4257 841 4298 rn.
862 4256 921 4300 reo.
943 4237 977 4300 in
998 4232 1138 4318 δνεῑταις
1169 4225 1314 4319 δίγκειται
1337 4234 1357 4297 i.
1380 4257 1405 4298 e.

159 4334 331 4412 σίναίιειται
352 4347 440 4410 unice
462 4349 619 4427 convenit,
652 4341 777 4416 olveiram
808 4351 920 4414 falsum
946 4354 1008 4427 σοὺς
1043 4337 1136 4425 οὗτος
1163 4349 1338 4429 corruptum
1367 4369 1405 4410 ex

158 4445 218 4523 οἷδ’
242 4450 306 4543 (δ’δ’
327 4465 363 4525 ut
384 4480 475 4542 saepe
497 4462 629 4549 scripto)
