2956 4934
741 219 783 280 20

661 321 863 334 ῚΛΛΛΛΜΛΛΛΛΛΛΝ

136 456 257 531 ruptam
284 451 445 514 lectionem
472 452 565 532 legit)
592 457 625 514 et
653 451 781 532 scripsit
808 445 870 538 ἐμοὶ
893 447 930 516 δὲ
951 443 993 519 τά
1014 444 1147 540 τέρματ’
1170 443 1228 518 οἶα
1250 446 1382 540 φράζω.

136 563 334 624 Scribendum
356 569 404 625 est
421 568 453 625 et
473 568 598 643 propter
614 565 722 626 literas
740 569 771 626 et
787 569 913 645 propter
930 585 1051 627 sensum
1068 569 1100 625 et
1113 569 1239 645 propter
1253 570 1383 627 metrum

135 667 197 759 ἐμοὶ
221 672 257 739 δὲ
278 668 344 754 μάν
366 667 496 762 τέρματ’
519 667 577 741 οἷα
599 665 717 764 φράζω
740 677 790 740 vel
805 677 915 756 potius
933 669 1071 765 τέρμαθ’
1094 667 1149 741 οἷα
1169 665 1286 765 φράζω
1312 679 1346 761 (i.
1359 699 1383 740 e.

135 791 189 846 aut
210 777 273 870 ἐγω
297 783 334 850 δὲ
355 780 422 867 μάν
444 777 501 853 οἷα
523 777 659 873 φράζω,
687 785 833 873 τέρματα
855 789 920 850 scil.
943 784 1013 852 ἐστὶ
1036 793 1089 849 aut
1112 809 1189 868 „ego
1211 809 1284 852 vero
1307 793 1383 852 hacc

135 903 171 960 ut
193 903 301 960 exacta
322 898 481 961 describo“
507 899 618 979 „facile
641 905 672 960 et
694 901 760 962 sine
782 901 1008 963 vehementiore
1037 901 1132 961 animi
1161 906 1260 976 motu,
1291 923 1383 980 quum

109 1010 226 1071 ‘aliter
247 1010 366 1072 adfecta
388 1012 484 1073 fuerit
505 1012 607 1090 puella
628 1013 780 1073 destituta
801 1017 832 1074 et
854 1012 1046 1093 suspensa“).
1071 1047 1109 1057 -

220 1119 265 1188 lo.
287 1124 352 1186 653
373 1125 569 1204 Mnsgravius
592 1121 783 1212 οἰστρηθεὶς
804 1127 837 1186 in
859 1114 903 1188 αὖ
924 1123 1089 1214 στρωθείς
1111 1127 1259 1201 correxit,
1288 1128 1382 1189 corri-

136 1237 267 1316 gendum
289 1234 322 1300 oi
346 1233 525 1322 στρωθείς,
547 1242 582 1299 ut
602 1239 694 1317 poulo
717 1244 788 1299 ante
810 1231 831 1304 ά
853 1234 889 1303 δὲ
912 1235 945 1301 οἱ
970 1235 1057 1324 φίλα
1078 1231 1242 1326 δάμαρ-
1257 1230 1383 1304 ιδ’λλοτο

137 1349 206 1428 (cfr.
228 1348 280 1411 ni.
303 1349 388 1428 906).
412 1385 454 1394 -

222 1457 266 1522 [b.
288 1458 354 1522 830
380 1453 508 1537 θανών,
536 1467 608 1542 post
629 1453 647 1525 ὁ
670 1453 717 1548 μη
739 1448 885 1528 λεόσσων
916 1462 1091 1538 molestum,
1125 1462 1239 1522 factum
1266 1467 1315 1523 est
1344 1483 1381 1523 er

135 1562 162 1636 τ’
185 1564 271 1649 dvo,
305 1593 397 1652 quum
425 1578 496 1654 post
524 1568 682 1639 ἐπίπονον
710 1565 750 1636 civ
778 1574 1005 1636 intercidisset:
1042 1567 1090 1637 ἔτι
1117 1565 1193 1637 ποτ’
1221 1570 1382 1640 ἐπίπονον

136 1675 274 1764 ἀνέχοιτ’
294 1677 360 1748 ‹ivo›
382 1684 535 1771 λατρείαν
557 1687 755 1767 (respondent
769 1684 938 1750 840verba
954 1679 1054 1771 φόνια
1071 1674 1263 1766 δολιόμυθα
1279 1678 1379 1773 κέντρ’

135 1791 350 1875 ἐπιζέσαντα,
371 1819 443 1859 nam
465 1799 493 1859 si
515 1803 629 1860 certum
652 1803 699 1860 est
715 1795 819 1864 Νέσου
840 1799 1057 1878 interpolatum
1079 1818 1159 1872 esse,
1182 1798 1276 1859 etiam
1295 1803 1382 1876 patet

134 1899 200 1974 δπο
231 1911 269 1972 ab
298 1910 514 1991 interpolatore
541 1911 676 1973 additum
703 1915 735 1973 ct
765 1903 800 1976 θ’
828 1912 931 1972 hiatus
962 1911 1082 1973 vitandi
1110 1931 1203 1972 causa
1231 1912 1381 1972 inscrtum

136 2042 216 2097 esse,
240 2010 340 2108 φόνια
352 2022 525 2084 Brunckius
547 2043 603 2104 pro
626 2019 758 2108 φοίνια,
781 2016 971 2104 δολιόμοθσ
987 2025 1179 2086 Hermannus
1201 2044 1256 2104 pro
1280 2013 1381 2089 δολό-

135 2138 233 2213 μνθα
256 2133 405 2215 scripsit).
429 2170 469 2182 -

225 2241 261 2306 0.
273 2241 312 2306 R.
334 2241 399 2306 832
422 2237 571 2330 πρόσθεν
593 2235 615 2330 ἢ
635 2266 703 2308 cum
724 2245 836 2309 infinit.
858 2247 1053 2310 coniunctum
1074 2247 1181 2309 multis
1207 2247 1269 2309 fuit
1291 2247 1384 2309 offen·

137 2353 231 2431 sioni,
264 2360 301 2416 ut
322 2355 362 2418 iis
384 2355 570 2419 Firnheberi
592 2357 766 2421 coniectura
787 2349 876 2422 ἰ’δοιν
898 2343 953 2440 pro
976 2354 1058 2424 ι’δεῑν
1079 2360 1276 2439 probaretur,
1307 2379 1384 2438 quac

137 2467 236 2530 forma
257 2487 337 2532 nunc
359 2469 452 2532 etiam
480 2469 557 2533 alibi
585 2469 698 2546 invito,
732 2475 769 2532 ut
789 2470 925 2546 videtur,
959 2475 1066 2552 poetae
1096 2471 1278 2534 obtruditur.
1323 2473 1384 2532 Pro

138 2567 285 2667 πρόσθεν
307 2577 327 2667 ἢ
347 2568 471 2646 τοιόνδ’
494 2577 575 2646 ἰδεῖν
597 2582 789 2645 scribendum
812 2575 944 2668 πρόσθε
964 2575 1011 2667 μη
1034 2571 1157 2648 τοιάνδ’
1179 2569 1272 2647 idcio.
1317 2584 1383 2646 Hac

136 2691 256 2753 ratione
286 2693 379 2753 etiam
408 2695 493 2755 locus
522 2695 608 2757 varic
637 2699 775 2756 tentatus
807 2691 843 2758 0.
868 2692 902 2757 0.
925 2692 989 2756 278
1019 2694 1224 2756 restituendus
1252 2695 1384 2756 videtur.

137 2802 217 2863 Nam
238 2803 433 2866 vehementer
461 2805 583 2881 dubito,
615 2826 654 2867 an
683 2806 753 2868 huic
782 2807 849 2868 loco
878 2805 1041 2890 μηδαμῶς
1068 2806 1294 2868 accomodatum
1324 2827 1385 2868 non

137 2913 180 2976 sit
207 2920 238 2976 et
268 2906 425 2998 οὐδαμῶς
446 2919 626 2997 postuletur.
671 2920 758 2981 Tunc
780 2919 874 2980 habes
897 2915 1032 3003 μοίραις
1055 2909 1199 2994 ποιεῖςθ’
1223 2914 1274 2994 ἐν,
1303 2919 1383 2997 qnod

136 3027 238 3105 ipsum
259 3029 361 3109 poscit
382 3022 546 3110 οόδαμαῖς
574 3051 611 3092 ex
632 3033 672 3092 K.
694 3031 820 3094 Lehrsii
847 3035 1009 3110 praecepto
1037 3031 1074 3092 de
1103 3032 1278 3110 postposita
1298 3052 1384 3111 prac-

136 3141 290 3218 positione
321 3143 422 3222 (Iahn.
449 3145 548 3205 annal.
571 3144 628 3220 85,
665 3145 749 3206 1862
776 3165 804 3223 p.
828 3142 921 3225 298),
955 3163 993 3204 ex
1022 3163 1080 3221 quo
1110 3144 1247 3205 clausula
1275 3163 1383 3205 versus

135 3259 261 3332 excepta
283 3255 469 3335 praepositio
491 3276 553 3317 non
584 3257 780 3337 postponitur
808 3255 870 3316 nisi
900 3259 954 3315 ant
980 3254 1178 3331 adicctivm,
1211 3257 1382 3336 genetivus,

136 3365 318 3428 adiectivale
341 3374 393 3428 aut
416 3369 524 3430 horum
546 3389 606 3432 nno
628 3387 791 3449 progresso
814 3367 1041 3430 substantivum
1064 3367 1208 3447 sequitur.
1247 3369 1383 3429 Plurelis

136 3466 298 3557 οὐδαμοῖς
320 3484 461 3540 secaret
483 3480 663 3554 offensione,
687 3500 777 3558 quam
800 3480 893 3540 habet
915 3479 1091 3557 singularis.
1114 3516 1155 3526 -

221 3590 260 3651 In
284 3587 447 3653 0.R.509
471 3584 599 3677 φανερά
619 3587 680 3678 γάρ
702 3585 754 3654 ἐπ’
779 3583 869 3674 abaci
891 3579 1061 3674 πτερόεσσ
1084 3579 1166 3676 ἦλθε
1189 3579 1268 3679 κόρα
1290 3590 1383 3671 ποτὲ,

135 3699 191 3765 καὶ
222 3693 329 3787 σοφός
358 3695 464 3788 ὤφθη
494 3705 587 3765 verbo
617 3695 670 3766 ἐπ’
700 3697 790 3786 αὐτῷ
813 3703 996 3779 Triclinius,
1028 3696 1088 3792 γάρ
1118 3694 1171 3766 ἐπ’
1196 3697 1286 3786 αὐτῷ
1308 3707 1383 3768 Her·

134 3833 263 3875 mannus
285 3815 405 3878 delevit.
437 3815 498 3878 Sed
521 3804 583 3900 γάρ
606 3817 704 3878 delere
726 3816 887 3878 molestum
909 3821 957 3878 est
979 3820 1011 3876 et
1032 3816 1065 3876 in
1087 3838 1115 3878 v.
1128 3817 1242 3895 stroph.
1265 3817 1383 3896 aliquid

135 3925 215 4003 quod
237 3926 400 4006 significat,
423 3933 458 3990 ut
479 3927 607 4004 videtur,
630 3933 789 4004 ‚armatus‘‚
813 3927 1006 3990 intercidisse
1025 3927 1091 4005 ipse
1111 3927 1233 3990 dativus
1244 3919 1381 4012 βασάνῳ

134 4041 165 4099 et
191 4038 295 4100 hiatus
323 4026 460 4121 βασάνῳ
493 4035 551 4103 ἐπὶ
586 4041 697 4120 arguit.
746 4039 879 4103 Videtur
907 4059 979 4102 vero
1008 4031 1061 4102 ἐπ
1091 4031 1182 4120 adzo
1215 4044 1314 4100 ortum
1346 4062 1383 4102 ex

134 4143 249 4216 iitcvc’
282 4176 302 4237 η
335 4158 366 4213 et
397 4152 589 4215 scribendum
623 4144 765 4280 φανεράν
797 4143 859 4237 γάρ
891 4141 1008 4216 ε’παοσ
1039 4136 1060 4234 ἢ
1091 4137 1262 4233 πτερόεσσ
1296 4141 1399 4234 ἦλθε

134 4263 202 4340 (cir.
225 4264 288 4325 396
311 4256 420 4330 άλλΗ
402 4287 466 4348 εγω
458 4256 667 4347 μολών-
690 4256 821 4329 ε’παυσά
842 4262 915 4347 νιν).
961 4263 1012 4324 Sic
1034 4261 1128 4323 ctiam
1149 4262 1278 4324 mutatio
1310 4266 1379 4325 sub-

132 4373 206 4438 iecti
227 4369 347 4464 (σοφδς
369 4368 490 4465 ὤφθη)
511 4375 639 4442 tollitur.
663 4411 705 4422 -
