2956 4934
112 550 183 610 dnm
212 586 256 596 -
283 551 381 612 loonm
412 570 472 611 non
499 550 599 611 habat
649 552 824 630 Legendum
859 557 908 614 est
937 549 1123 637 φθείροντα
1152 547 1262 615 ποίνεα
1295 550 1357 631 (vel

113 657 295 745 φοείρονο’
319 655 464 739 ἅπαντα)
486 662 579 723 etiam
601 663 819 726 concinnitatis
841 685 993 725 oausa—

198 793 236 852 In
260 789 295 854 0.
311 789 344 853 0.
358 789 420 852 783
443 779 560 879 φροίσω
586 789 622 855 δὲ
644 790 700 856 καί
722 798 790 870 τοῖς
811 797 928 873 (apogr.
951 790 1069 876 τοῖσδ’)
1093 785 1139 869 ῶς
1161 812 1197 858 σε
1219 784 1356 877 δηλῶσω

113 890 212 962 κακῶν
240 905 335 963 verba
364 899 420 964 καί
450 901 554 966 τοῖσδ’
584 904 759 982 importuna
789 910 877 980 sunt,
914 907 986 985 quia
1020 907 1130 967 chorus
1164 905 1226 965 iam
1257 905 1358 966 omnia

112 1014 240 1074 audivit.
284 1015 346 1075 Nee
375 1015 534 1092 Blaydeaii
557 1015 731 1076 eonieotura
759 1014 814 1078 καὶ
838 1007 911 1081 τῶδ’
940 1023 1056 1079 raotnrn
1079 1037 1200 1078 sensum
1222 1017 1357 1095 praebet.

112 1128 220 1205 Longe
242 1127 305 1188 alia
325 1127 411 1189 notio
439 1127 611 1205 flagitatur,
645 1149 720 1206 qnae
742 1129 824 1189 inest
844 1129 878 1189 in
900 1122 1018 1215 φράσω
1042 1127 1072 1193 δ’
1094 1125 1224 1206 ἐναντί’,
1247 1120 1293 1201 ῶς
1316 1164 1357 1175 -

112 1240 180 1318 (efr.
202 1239 277 1301 Ant.
302 1241 385 1301 1307
408 1237 467 1304 οὐκ
489 1238 626 1305 ἀνταίαν
648 1265 695 1328 γρ.
718 1239 757 1307 οὐ
780 1240 935 1328 καιρίαν).
960 1278 999 1288 -

198 1367 249 1430 Et.
274 1368 336 1430 709
366 1360 422 1434 ἕν’ἕν’
451 1357 565 1442 αὖτοιίς
594 1390 654 1431 non
682 1392 718 1432 ex
746 1366 789 1434 ‘iv’
819 1363 936 1447 αὖεοίνς
965 1372 1080 1432 factum
1107 1369 1244 1447 videtur,
1282 1393 1358 1451 qnae

112 1480 244 1541 Nanokii
267 1483 421 1543 sententia
443 1487 504 1558 est,
528 1483 580 1544 sed
603 1504 640 1544 ex
662 1473 748 1547 ὅπου
771 1500 868 1568 σφας.
902 1518 944 1529 -

198 1610 243 1673 Ib.
262 1612 326 1673 922
348 1608 405 1678 οὐκ
427 1604 519 1679 οἷσθ’
542 1605 622 1677 ὅποι
646 1612 703 1699 γῆς
722 1608 790 1678 οὐδ’
813 1603 891 1677 ὅποι
913 1604 1043 1698 γνῶμιγς
1059 1610 1152 1699 φέρει
1173 1618 1256 1675 terra
1275 1615 1359 1702 (γῆς)

113 1722 247 1784 amoveri
270 1723 374 1801 debet3
404 1725 457 1786 aad
479 1726 602 1786 minime
631 1725 692 1800 ita,
722 1729 758 1785 nt
780 1745 799 1784 a
821 1724 857 1785 G.
879 1725 1007 1788 Wolffio
1029 1725 1142 1786 vitiose
1164 1725 1279 1787 foetum
1302 1733 1358 1788 est.

110 1836 269 1898 Iaeobsius
292 1836 424 1898 oonieoit
445 1822 465 1898 t*
487 1837 616 1921 γηθείς;
641 1858 745 1900 verum
761 1838 898 1916 syllabae
918 1842 991 1898 sunt
1002 1837 1198 1901 dividendae:
1222 1827 1242 1900 t*
1253 1841 1359 1917 ποιεῖς

112 1951 180 2028 (afr.
203 1949 238 2012 0.
261 1951 299 2013 R.
324 1950 408 2013 1008
432 1943 489 2014 οὐκ
512 1941 611 2022 εἰδῶς
632 1946 666 2013 τί
690 1949 794 2034 δρᾷς).
817 1985 858 1994 -

197 2073 242 2140 Io.
267 2074 351 2138 1468
373 2075 491 2154 χαλᾶτε
513 2075 581 2139 πᾶν
603 2065 746 2160 κάλυμμ’
768 2099 847 2140 nnus
864 2078 987 2140 Orestes
1011 2080 1049 2140 ab
1061 2077 1214 2158 Aegistho
1237 2079 1360 2142 iubetur

114 2189 182 2267 (ofr.
207 2189 306 2263 1470,
331 2189 415 2249 1472
439 2191 505 2268 sq.).
549 2189 747 2252 scribendum
769 2177 857 2269 χιίλα
879 2185 915 2253 ιό
940 2190 1006 2256 πᾶν
1029 2214 1056 2252 κ.
1083 2227 1120 2236 -

199 2315 381 2397 Ε’νσφω24
403 2308 516 2397 ῶσπερ
538 2311 599 2406 γαρ
621 2313 654 2380 ἐν
677 2306 852 2404 φύλλοισιν
874 2316 1021 2406 αἰγείρου
1037 2319 1177 2407 μακροῖς,
1199 2311 1259 2383 κίίν
1272 2311 1355 2383 tato

112 2426 234 2516 μηδὲν,
262 2421 349 2495 ἄλλα
376 2426 541 2514 τούκείνης
566 2417 653 2516 κοίρα
681 2419 814 2518 κινήσῃς
844 2423 961 2520 αι’ίραις
990 2429 1209 2518 ἀνακουφίζει
1239 2419 1357 2522 πτερόν

112 2542 290 2605 Dindorfins
312 2546 460 2622 exparte
482 2543 654 2606 emendavit
675 2548 756 2608 κινεῖ
776 2565 828 2620 τις
851 2536 936 2629 αι’ίρα
957 2534 1196 2629 κυίνακουφίζει
1225 2532 1356 2629 πτερόν.

113 2655 290 2735 Legendum
306 2653 378 2740 κινῇ
399 2674 448 2727 εις
463 2645 557 2743 αὔρα,
581 2643 689 2720 πάντα
707 2652 861 2742 κουφίζει
880 2648 997 2744 πτερόν
1019 2657 1142 2736 (omnia,
1164 2656 1249 2732 rami,
1272 2657 1357 2733 folia

113 2771 286 2843 moventur,
313 2769 477 2843 tolluntur,
509 2769 654 2846 evolant).
699 2767 774 2830 Cum
795 2769 949 2832 locutione
971 2765 1141 2856 κουφίζειν
1163 2757 1283 2855 πιερόν
1304 2772 1357 2832 efr.
1393 2860 1395 2864 Α

113 2879 163 2942 Ar.
188 2880 273 2941 1278
295 2871 387 2962 ἅλμα
408 2884 563 2966 κουφιεῖν.
589 2915 629 2927 -

200 3015 325 3098 Frapm.
347 3014 412 3078 830
438 3013 484 3081 Ἐν
506 3019 612 3081 σοῖσιν
639 3013 763 3093 ἵπποις
788 3020 891 3083 ιοίσιν
922 3013 1185 3101 ἐκλελειμμένοις
1213 3017 1300 3085 ἴδιον
1328 3016 1359 3085 εἰ

1 3191 3 3198 ,
113 3130 269 3218 χωρῶμεν
291 3120 312 3216 ἢ
333 3127 433 3194 παντὶ
458 3125 569 3195 σθένει
592 3131 724 3210 priorem
745 3151 867 3193 versum
882 3131 1039 3193 Heokerus
1062 3136 1094 3193 et
1108 3132 1358 3195 Schneidewinna

114 3243 349 3306 emendaverant
369 3237 539 3306 Ἐνέιοισιν
568 3244 636 3322 (vel
664 3243 768 3322 potius
790 3239 984 3323 Ἐνέσαισιν)
1012 3241 1134 3316 ἵπποις
1163 3249 1269 3308 τοῖσιν
1303 3241 1358 3308 ἐκ·

113 3351 333 3437 λελεγμένοις,
365 3355 495 3416 alterum
524 3355 571 3415 ita
594 3354 783 3434 seripserunt
805 3346 913 3438 ἥδιον,
943 3352 973 3418 εἰ
994 3355 1166 3442 χωρῶμεν,
1195 3347 1275 3441 ἢπ.
1301 3363 1358 3423 σθ.

114 3463 271 3525 Nanokius
293 3465 415 3543 (fragm.
428 3466 506 3542 818)
523 3464 654 3526 eoniaeit
674 3460 704 3527 εἰ
726 3467 895 3550 χωρῶμεν.
926 3466 1058 3528 Videtur
1071 3487 1145 3529 vero
1160 3463 1189 3532 εἰ
1201 3468 1357 3556 χωρῶμεν

114 3576 228 3637 foetum
258 3595 325 3637 esse
355 3597 392 3637 ex
426 3571 622 3660 ἐγκονῶμεν,
657 3579 759 3637 oetera
787 3576 887 3637 minus
914 3576 1049 3656 liquent;
1088 3578 1190 3657 possis
1220 3579 1358 3648 oonieere

116 3679 323 3768 σπεύδωμεν,
345 3683 543 3773 ἐγκονῶμεν,
565 3683 602 3752 οὐ
624 3709 661 3749 π.
685 3694 742 3753 oe.
766 3689 835 3766 (cfr.
857 3687 907 3750 Αἰ.
931 3690 1011 3765 811,
1033 3691 1119 3767 988).
1142 3727 1183 3736 -

467 3882 530 3952 IV.
564 3879 715 3952 Literae
736 3882 1001 3970 transpositae.

200 4023 270 4087 Non
299 4044 368 4086 raro
402 4025 555 4087 oculorum
588 4025 780 4087 aberratione
806 4027 858 4087 val
891 4026 995 4106 potius
1031 4026 1193 4089 memoriae
1228 4030 1357 4109 quadarn

114 4136 314 4199 fluctuatione
341 4138 456 4198 faotnm
485 4141 548 4211 est,
581 4140 616 4196 ut
643 4137 753 4198 literae
781 4138 915 4200 eiusdem
944 4139 1086 4202 vooabnli
1115 4141 1166 4203 vel
1186 4140 1357 4204 vicinorum

115 4251 331 4313 vocabulorum
352 4253 631 4330 transponerentur,
652 4251 738 4312 velut
751 4250 784 4311 0.
797 4251 829 4312 C.
843 4251 928 4312 1244
946 4241 1018 4316 αἵτε
1039 4272 1085 4331 pr.
1108 4247 1180 4317 αἵτε
1202 4273 1279 4316 corr.
1301 4275 1356 4334 pro

113 4353 192 4429 ἆται
225 4364 279 4426 efr.
307 4361 363 4439 Ai!
385 4363 449 4424 292
479 4354 561 4442 aito?
593 4381 638 4441 pr.
665 4382 721 4441 pro
749 4356 832 4442 βαιοὶ
861 4361 976 4443 (flori),
1009 4364 1043 4425 0.
1073 4363 1106 4426 0.
1138 4365 1222 4426 1625
1256 4355 1354 4453 φόβῳ

110 4495 162 4559 „pr
177 4481 209 4538 et
217 4477 245 4556 β
254 4477 288 4539 in
298 4474 394 4538 litura
404 4495 423 4539 a
432 4496 469 4537 na
482 4495 540 4538 seo.
562 4472 709 4538 Fortasse
723 4476 831 4539 harum
844 4476 1003 4538 literarum
1016 4476 1118 4538 sedem
1129 4481 1356 4556 permutaverat
