2956 4934
658 267 700 330 49

585 371 789 386 vWWVwavw‘

56 501 112 566 eir.
139 499 275 565 Lobeck.
297 501 420 582 adnot).
438 537 475 548 -
496 501 576 566 Phil.
599 501 685 565 1140
712 523 773 566 una
794 503 871 564 mihi
892 503 1015 567 videtur
1036 524 1112 568 sana
1143 505 1305 570 verborum

55 615 278 695 interpretatio
309 635 377 677 esse
408 616 494 677 haec:
523 614 594 677 Viri
619 619 668 676 eat
696 615 775 695 quod
803 615 953 677 iniustum
982 620 1031 678 est
1059 616 1216 699 (iniuriam
1245 618 1306 680 sibi

55 726 201 810 inlatam)
224 728 455 807 reprehendere,
477 747 539 790 non
559 727 790 807 reprehensioni
812 727 966 791 invidiosa
985 734 1017 789 et
1037 730 1193 792 mordacia
1214 732 1305 793 male·

56 841 143 902 dicta
164 841 283 903 addere.
315 840 425 919 Itaque
446 827 482 904 εὖ
503 840 714 918 corrigendum
736 841 769 901 in
792 831 841 903 οὐ.
854 875 896 886 -
923 839 1033 902 Τνοοίν.
1045 839 1109 902 623
1130 842 1306 906 Wunderus

56 958 142 1016 recte
162 974 219 1033 pro
242 941 288 1016 ὦν
310 947 411 1033 ἔχεις,
441 953 520 1032 quod
546 958 672 1032 propter
693 944 739 1025 οἰς
761 947 827 1031 ἔχει
849 954 883 1014 in
905 953 1059 1034 superiore
1079 976 1108 1017 v.
1130 961 1307 1035 corruptum

57 1071 119 1142 est,
143 1056 189 1128 ὦν
211 1061 316 1149 λέγεις
337 1065 479 1145 scripsit3
507 1070 665 1144 praeterea
691 1086 747 1145 pro
771 1053 873 1151 λόγων
902 1066 1094 1128 scribendum
1122 1072 1171 1128 est
1200 1063 1306 1152 λέγων,

55 1178 219 1240 utLichas
241 1182 274 1239 et
295 1197 436 1238 manuum
459 1173 597 1262 (φέρων)
620 1183 652 1239 et
672 1178 797 1257 linguae
811 1175 941 1262 (λέγων)
965 1199 1088 1257 operam
1109 1184 1305 1259 praestet.-

57 1289 231 1354 Aac.1203
252 1289 343 1351 futile
364 1295 412 1351 est
429 1285 563 1365 οἰκείας,
586 1289 665 1369 quod
687 1290 931 1370 interpretantur
955 1291 1164 1370 „domesticae
1186 1291 1308 1370 patriae

58 1373 195 1478 temde“‚
227 1402 315 1481 quasi
343 1402 437 1464 etiam
465 1402 502 1463 de
530 1401 693 1481 peregrina
722 1403 814 1464 humo
842 1403 975 1482 eogitari
996 1405 1105 1482 possit.
1151 1404 1308 1479 Quantum

58 1501 214 1596 diacreimt
235 1513 287 1577 Αἰ.
310 1515 387 1590 859,
417 1535 454 1576 ex
477 1536 536 1593 quo
566 1515 724 1594 intellegis
753 1516 827 1594 quid
854 1517 897 1577 ait
917 1517 973 1603 γῆς
995 1512 1137 1589 οἰκείας]
1180 1517 1242 1592 Qui
1270 1540 1308 1580 ex

59 1629 163 1691 nuntii
183 1627 362 1690 narratione
383 1627 563 1706 cognoverit
585 1627 686 1689 omnia
707 1627 825 1706 trepide
848 1629 918 1706 agi‚·
942 1629 1132 1690 desiderabit
1152 1631 1308 1692 notionem

58 1741 117 1828 τῆς
147 1727 309 1824 τυχούσης
337 1727 468 1821 χθονός,
504 1760 580 1818 quae
608 1739 691 1802 inest
720 1739 754 1800 in
782 1735 911 1812 εἰκαίας
940 1729 1063 1818 χθονός
1091 1743 1144 1804 cfr.
1174 1745 1307 1822 Hesych.

59 1850 163 1940 εἰκεῆς
179 1847 424 1936 (Μιναείκαίης)
440 1840 607 1936 τυχούσης.
624 1887 666 1899 -
688 1850 794 1931 Aeque
816 1851 866 1914 Aa
888 1851 952 1914 919
975 1853 1080 1915 verbis
1102 1848 1162 1918 ἀπ’
1183 1849 1307 1927 οἰκείας

29 1959 33 1967 ’
60 1963 189 2052 σφαγῆς
200 1965 363 2027 'Permesse
378 1964 459 2026 nihil
472 1963 546 2027 novi
563 1964 614 2028 vel
633 1963 765 2044 speciosi
782 1964 867 2042 dicit,
890 1966 1019 2026 multum
1033 1965 1111 2028 dicit
1128 1967 1233 2028 verbis
1248 1959 1303 2030 ἀπ’

23 2140 25 2144 ⁴
59 2073 190 2152 εἰκαίας
218 2075 361 2164 σφαγῆς,
393 2077 415 2140 i.
443 2098 467 2140 e.
500 2072 663 2159 ματαίας,
700 2073 886 2164 ἀνωφελοῦς
922 2079 976 2141 cfr.
1003 2079 1139 2160 Hesych.
1168 2075 1307 2145 εἰκαῖον·

60 2179 235 2274 ἀνωφελές,
258 2176 418 2271 μάταιον,
441 2177 556 2276 ἀργόν,
578 2181 700 2276 μωρόν.
722 2225 763 2236 --

145 2303 199 2380 Π,
221 2305 258 2368 Γ.
302 2301 378 2364 Ant.
403 2303 466 2364 790
487 2302 645 2365 Nauchius
665 2293 718 2365 ἐπ’
742 2303 916 2367 emendavit
937 2304 971 2366 in
993 2299 1028 2368 σὲ
1051 2301 1088 2390 γ’,
1112 2306 1223 2368 Trach.
1246 2307 1310 2367 900

59 2413 210 2500 παρῆλθε
234 2413 415 2477 Schaeferus
437 2415 472 2476 iu
495 2410 557 2502 γάρ
578 2401 674 2499 ἦλθε,
697 2414 731 2475 Ο.
754 2415 787 2477 O.
811 2416 895 2477 1016
925 2411 1168 2502 ἐξηρπασμένοι
1191 2417 1227 2478 F.
1251 2417 1309 2479 Gu.

61 2526 252 2600 Schmidtius
273 2527 307 2588 in
328 2522 577 2616 ἐξειργασμένοι.
591 2562 631 2572 -
655 2527 777 2606 Fragm.
796 2527 857 2588 742
881 2548 899 2589 a
920 2529 1086 2590 Plutarcho
1108 2529 1210 2590 tribus
1232 2530 1310 2591 locis

60 2639 212 2715 adfertur,
240 2640 357 2702 duobus
380 2643 429 2701 est
457 2629 624 2726 εἰνιιηεπῆς
652 2626 786 2718 χαλκός,
814 2660 874 2702 uno
904 2631 1034 2726 εὐγενὴς
1061 2631 1200 2719 χαλκός,
1230 2643 1311 2721 quod

60 2754 139 2815 satis
164 2753 339 2832 argumenti
360 2757 424 2828 est,
457 2753 491 2814 in
514 2753 631 2833 froyla.
655 2751 732 2829 713,
768 2754 847 2832 quod
875 2754 910 2814 in
930 2755 1012 2816 Plut.
1033 2752 1089 2816 vit.
1111 2755 1196 2816 Dem
1219 2776 1242 2817 c.
1265 2756 1308 2816 45

59 2886 87 2946 p.
100 2867 163 2928 911
177 2869 288 2941 exstat,
302 2866 336 2928 in
346 2888 375 2930 v.
387 2867 518 2946 septimo
535 2886 591 2946 pro
605 2857 812 2951 εὐγενεστάτη
824 2867 1034 2946 corrigendum
1048 2887 1116 2928 esse
1127 2859 1310 2955 εὐπρεπεσ-

60 2971 161 3062 τᾶτη,
183 2980 347 3054 namhoc,
377 2999 438 3040 nou
459 2978 538 3040 illud
559 2979 596 3042 de
618 2980 691 3040 luna
711 2979 802 3058 plena
824 2985 895 3059 epte
917 2980 1039 3042 dicitur.
1083 2979 1132 3042 Aa.
1155 2981 1220 3042 524
1250 3002 1312 3044 non

61 3087 251 3175 γίγνεσθαι,
274 3091 328 3154 sed
348 3081 435 3158 εἰναι
458 3092 561 3154 sensui
584 3092 843 3155 accommodatum
865 3097 922 3153 est.
960 3093 1162 3167 Quamobrem
1184 3089 1311 3158 πέλοιτ’

63 3195 116 3268 ἔθ’
139 3203 190 3266 vel
211 3203 315 3283 potius
337 3199 437 3268 πέλοι
459 3195 540 3269 ποθ’
562 3204 738 3284 scripserim
759 3225 814 3283 pro
836 3199 949 3290 γίνοιτ’
972 3197 1036 3269 ἔθ’.
1059 3239 1104 3251 -

148 3317 195 3392 Π,
221 3320 263 3379 Κ.
296 3316 376 3377 Phil.
391 3317 430 3377 79
454 3311 512 3380 καί
533 3317 567 3378 iu
589 3321 651 3381 παῖ
673 3317 847 3381 emendavit
867 3317 1055 3379 Erfurdtius.
1084 3316 1201 3379 Eodem
1222 3317 1311 3382 modo

65 3424 101 3493 0.
126 3426 162 3495 O.
186 3427 271 3491 1055
300 3430 434 3492 amoveri
462 3430 553 3492 debet
581 3427 659 3509 καί,
689 3430 768 3510 quod
796 3431 862 3493 sive
884 3430 995 3506 ,etiam‘
1017 3431 1083 3493 sive
1106 3431 1198 3493 aliter
1218 3432 1312 3494 inter·

61 3541 194 3620 preteris
212 3542 288 3604 ferri
301 3563 362 3605 non
383 3546 500 3621 potest:
523 3536 636 3627 Θησέα
648 3543 772 3617 παῖδας
787 3531 963 3621 διστόλοος,
986 3533 1135 3629 ἀδμῆτας
1149 3533 1312 3631 coeteris.

64 3654 115 3716 Sic
137 3653 298 3735 opiniones
318 3674 417 3718 vanae
439 3653 476 3715 de
499 3655 693 3734 glossematis
715 3655 749 3717 in
770 3656 898 3718 inritum
927 3656 1047 3719 cadunt.
1071 3691 1111 3702 -
1143 3655 1224 3718 Phil.
1247 3653 1313 3718 313

62 3770 194 3831 κακοῖσι
216 3767 341 3846 probari
368 3767 445 3828 mihi
465 3786 527 3829 non
548 3770 666 3847 potest,
690 3767 763 3846 quia
777 3760 874 3848 λιμός
894 3769 970 3831 item
988 3761 1088 3832 κακόν
1110 3772 1143 3830 et·
1163 3788 1199 3829 ea
1221 3787 1314 3830 causa

64 3900 140 3960 quae
163 3879 306 3960 inprimis
335 3884 457 3960 praeter
485 3881 596 3943 famem
626 3883 731 3944 morbo
762 3883 849 3962 pedis
878 3882 1038 3944 materiam
1067 3881 1166 3957 dedit,
1200 3882 1315 3943 omissa

63 3998 124 4056 eat:
159 3992 337 4055 mutandum
364 3997 491 4059 asnoios
520 3993 553 4054 in
582 3985 717 4060 κίντοιοι
739 3995 858 4074 (variis
886 3995 1125 4074 fatigationibus
1153 3999 1189 4056 ut
1209 3994 1314 4057 vietus

63 4107 208 4187 parandi,
230 4106 311 4186 ligni
333 4105 544 4185 comportandi
566 4107 621 4168 cfr.
647 4097 784 4194 φόβοιοι
805 4107 856 4169 Ai.
870 4108 956 4190 331).
979 4143 1021 4153 -
1043 4106 1115 4174 Aac.
1140 4105 1205 4169 594
1228 4126 1315 4166 sana·

63 4219 149 4283 visse
171 4219 234 4281 sibi
254 4219 378 4282 videtur
392 4218 630 4298 mseyffercus,
653 4239 720 4280 cum
742 4193 976 4300 s'cribitedpuv
994 4241 1050 4300 pro
1072 4216 1172 4282 οἴκων
1194 4219 1315 4282 scilicet

63 4352 101 4393 ex
122 4332 307 4412 glossemate
329 4336 410 4408 οντα,
432 4352 494 4394 non
515 4330 622 4393 vident
642 4332 826 4411 interpretes
838 4332 934 4396 verba
948 4329 1068 4422 οἰρχαῖα
1082 4323 1125 4397 τοί
1136 4330 1314 4411 Λαβδακι-

65 4443 126 4509 δᾶν
148 4441 250 4508 οἲκιον
271 4443 352 4506 nibil
374 4444 501 4520 habere,
533 4444 612 4506 unde
640 4444 800 4524 pendeant.
844 4445 1001 4508 Nauckius
1023 4445 1112 4508 vitiis
1132 4444 1314 4506 monstratis

114 4572 277 4624 Wecklein,
291 4583 328 4614 ars
341 4571 409 4624 soph.
424 4571 510 4612 emend.
1020 4592 1025 4599 ι
1109 4559 1125 4606 4
