2956 4934
658 293 701 357 41

660 394 786 409 ΛΑΛΑΛΛΛΛΙ

57 516 98 589 dd
124 523 230 589 ταῦτα
261 511 394 608 δράσεις
422 524 581 604 (Nauck),
616 524 700 586 nulla
728 525 887 586 admodum
916 523 1074 586 satisfacit
1102 544 1157 585 nec
1178 524 1304 587 lacunae
1390 576 1393 584 .

57 637 195 718 suspicio
224 638 314 700 valde
341 637 511 718 probabilis
539 643 595 700 est
638 637 718 700 Vide
749 657 788 699 ne
819 641 910 717 poete
937 637 1099 717 scripserit
1126 633 1161 715 ἐς
1187 630 1242 702 τόν
1269 661 1304 703 re

58 742 209 815 ddosocr.
232 784 274 797 -

144 859 229 922 Ante
250 859 291 923 ib.
314 859 377 923 215
399 860 577 923 Dindorfius
599 860 672 923 clim
694 860 785 940 signa
805 861 932 922 lacunae
954 860 1072 940 posuit3
1107 881 1186 923 nnnc
1207 882 1304 924 emen·

57 972 131 1034 dare
154 973 217 1034 sibi
239 972 362 1035 videtur
382 971 457 1045 πῶς
470 961 511 1036 dv
532 969 652 1036 σκοποὶ
670 971 723 1036 νῦν
741 963 808 1036 sire
827 971 892 1034 cciv
909 967 1094 1057 εἰρημένων.
1127 973 1175 1034 De
1196 974 1304 1036 formis

56 1075 164 1166 slusa,
186 1074 253 1150 eice
275 1105 294 1146 a
315 1085 502 1164 tragicorum
523 1103 581 1144 usu
603 1083 814 1146 abiudicandis
836 1084 896 1147 viu
919 1083 1035 1146 Nauck
1058 1083 1128 1146 Cur.
1146 1085 1255 1165 Eurip.
1270 1086 1304 1147 Π

56 1217 86 1276 p.
110 1197 152 1258 70
177 1196 254 1278 (tres
276 1196 337 1258 loci
358 1195 468 1257 dasch.
490 1197 578 1257 Eum.
603 1195 664 1257 766
687 1196 732 1257 ed.
749 1197 851 1258 Herm.
868 1197 942 1258 Eur.
959 1197 1052 1276 Hipp.
1072 1196 1134 1257 349
1157 1195 1226 1258 Ala
1238 1197 1300 1257 921

57 1330 118 1373 non
140 1308 243 1370 minus
265 1307 401 1387 suspecti
423 1312 496 1368 eunt
518 1327 608 1386 quam
623 1307 673 1368 bic
695 1308 780 1370 locus
802 1308 987 1388 Sophoclis}
1030 1310 1127 1372 Deest
1147 1329 1221 1372 sane
1248 1308 1304 1371 eli-

57 1420 147 1502 qnid,
177 1420 231 1483 sed
251 1439 313 1482 non
333 1420 403 1500 plus
426 1439 516 1498 qnam
544 1419 670 1482 lineola:
703 1409 748 1492 uir
770 1410 810 1485 lb
832 1417 950 1486 σκοποὶ
975 1420 1029 1484 νῦν
1052 1410 1105 1506 ἦτε
1128 1419 1194 1484 cciv
1214 1418 1304 1509 εἰρη-

13 1553 20 1562 ·
57 1529 164 1613 μένων
187 1568 244 1612 -,
266 1539 303 1594 ut
324 1533 422 1596 Creon
443 1533 581 1595 dicturus
604 1532 648 1593 sit
669 1523 715 1618 μή
738 1527 943 1618 ἐπιχωρεῐτε,
972 1533 1027 1594 sed
1048 1533 1262 1614 interpellatus
1285 1558 1304 1598 a

58 1647 164 1721 choro,
201 1645 255 1725 qni
284 1649 420 1708 tenacem
448 1645 542 1707 semel
569 1643 648 1705 iussi
673 1663 775 1722 regem
804 1644 908 1718 novit,
939 1649 1047 1724 postea
1068 1651 1178 1724 pergat
1200 1639 1236 1711 τὸ
1258 1640 1303 1734 μή

58 1755 226 1842 ‘nazaraeis
247 1781 305 1836 -;
342 1778 422 1821 nnnc
450 1757 568 1820 demmn
595 1755 669 1835 qnid
690 1756 769 1819 velit
796 1751 831 1818 τί
861 1752 931 1843 δῆτ’
960 1746 999 1820 tv
1031 1747 1133 1820 ἄλλο
1164 1758 1303 1834 τοῦτο,

59 1869 261 1949 intellegitur.
283 1905 323 1915 -

144 1983 268 2045 111269
291 1981 365 2061 qnid
387 1981 541 2062 Bergkins
562 1981 653 2056 velit,
676 2002 769 2060 quum
790 1984 935 2061 sequatur
957 1981 1019 2042 271
1043 1971 1080 2066 ἦν
1102 1977 1132 2046 d‘
1154 1973 1172 2044 ὁ
1193 1980 1304 2060 μῦθος

59 2090 128 2170 nt,
150 2114 213 2158 non
235 2094 392 2173 adsequor.
416 2129 453 2142 -

143 2208 223 2270 Post
243 2207 316 2269 Ant.
332 2206 413 2286 436,
436 2206 498 2268 nisi
520 2207 717 2286 praeferenda
739 2207 862 2269 ducitur
872 2207 1024 2270 Dindcrfii
1047 2206 1222 2270 coniectura
1245 2200 1302 2288 ἅμ’

57 2339 113 2399 pro
136 2311 207 2384 stt
232 2318 409 2394 scribentis,
431 2319 540 2381 lacuna
561 2319 725 2380 statuenda
746 2324 804 2380 est.

142 2432 191 2494 Ib.
214 2433 278 2494 660
296 2453 335 2494 ne
355 2437 445 2512 putes
468 2430 587 2511 aliquid
616 2432 735 2508 deesse,
768 2433 822 2496 cfr.
845 2433 956 2495 Tracb.
979 2432 1052 2493 305.
1074 2431 1124 2494 ΕΙ.
1149 2431 1241 2493 1434
1260 2467 1300 2478 -

120 2539 189 2608 lb.
212 2543 274 2606 705
297 2563 341 2627 cq.
374 2547 468 2608 verba
500 2541 585 2609 τοῦτ’
615 2540 728 2632 ὀρθῶς
757 2537 843 2624 ἔχειν
874 2543 984 2606 referri
1015 2547 1170 2622 nequeunt
1198 2542 1239 2604 ad
1268 2535 1304 2606 ‘ab

58 2645 159 2741 ἦθος,
182 2656 261 2734 quod
282 2657 435 2736 propriam
458 2658 689 2735 absolutamque
711 2656 776 2718 vim
797 2657 904 2730 babet,
928 2660 960 2718 et
981 2656 1057 2719 duas
1078 2676 1128 2718 res
1149 2654 1302 2717 concinni-

58 2767 134 2829 tatis
156 2787 250 2829 cansa
270 2768 440 2847 significari
460 2769 582 2844 debere,
605 2769 800 2848 cognoscitur
814 2790 852 2831 ex
861 2768 964 2832 verbis
983 2759 1186 2854 ἢφρονεῐν
1200 2755 1303 2848 μόνος

59 2877 146 2943 δοκεῖ
177 2912 222 2925 -·
250 2868 271 2964 ἢ
297 2877 488 2965 γλῶσσαν
517 2871 554 2965 ἢν
584 2877 641 2945 οὐκ
675 2872 775 2952 ἄλλος
805 2871 826 2966 ἢ
854 2873 987 2966 ψυχήν
1016 2873 1102 2960 ἔχειν
1129 2881 1206 2958 (707
1236 2883 1303 2960 sq).

58 2991 176 3053 Versus
198 2988 304 3052 omissi
326 2995 428 3052 autem
449 2990 499 3053 bic
521 2991 585 3053 fere
606 3011 713 3053 sensns
736 2992 811 3054 fuit:

265 3098 344 3187 μηδ’
365 3092 407 3167 αὖ
428 3090 541 3183 νόμιζε
562 3094 637 3176 roric
659 3094 774 3188 λόγους
795 3094 898 3167 ducor
926 3099 1053 3188 παρείς.

58 3214 189 3279 Accedit
210 3216 291 3294 quod
312 3217 368 3279 hoc
390 3236 482 3280 versu
504 3216 623 3279 adiecto
645 3217 799 3279 crationes
808 3215 951 3278 Creontis
967 3221 1000 3276 et
1011 3214 1176 3277 Haemonis
1198 3235 1302 3293 parem

59 3347 216 3391 numerum
236 3347 378 3390 versuum
401 3328 532 3407 explent.
575 3328 642 3391 Hoc
673 3327 753 3390 euim
775 3348 811 3389 ee
833 3348 910 3406 quae
931 3328 1002 3390 inde
1024 3349 1043 3389 a
1064 3349 1093 3390 v.
1116 3300 1179 3388 631
1207 3346 1303 3406 usque

58 3439 96 3500 ad
126 3460 157 3500 v.
187 3438 250 3499 772
282 3444 467 3518 agnoscatur
495 3441 714 3520 aequabilitate
741 3440 856 3519 requiri
877 3439 1057 3502 Heilandius
1084 3439 1140 3520 (de
1162 3439 1302 3502 stichcm.

58 3555 136 3632 trag.
148 3549 285 3615 Stendal
309 3551 394 3613 1855
416 3571 444 3631 p.
462 3551 519 3637 13)
541 3552 654 3616 docuit.
690 3553 736 3616 Ut
758 3557 859 3615 autem
880 3553 1037 3616 nonlicet
1058 3552 1302 3616 cumHeilandic

58 3685 85 3729 r.
107 3663 174 3730 673
196 3685 242 3744 sq.
263 3664 298 3727 in
318 3685 411 3727 unum
431 3665 562 3730 conflare
583 3667 634 3730 vel
652 3686 721 3728 cnm
736 3666 891 3730 Meinekio
912 3689 941 3731 v.
965 3668 1029 3730 680
1051 3667 1163 3740 delere,
1185 3666 1223 3727 de
1243 3685 1302 3744 qno

57 3776 140 3840 infra
168 3759 329 3841 dicendum
357 3779 432 3854 erit,
463 3778 510 3841 ita
540 3799 608 3841 omn
634 3777 792 3842 Dindorfic
822 3784 894 3842 ante
921 3780 984 3842 699
1014 3779 1164 3842 defectum
1194 3798 1302 3841 versus

58 3889 214 3954 statuendi
234 3891 321 3952 nulla
342 3896 512 3954 causaest
534 3926 577 3937 —

142 4001 190 4064 Iu.
202 4002 374 4065 836-838
397 4001 514 4081 aliquid
535 4000 730 4064 intercidisse
751 4002 818 4064 iure
840 4002 1015 4082 suspicatur
1036 4001 1202 4065 Nauckius.
1234 4003 1303 4064 Non

60 4113 86 4176 si
107 4114 188 4177 alias
209 4114 278 4194 (cfr.
300 4114 337 4177 G.
358 4114 463 4178 wolff.
486 4112 525 4176 ed
545 4113 597 4175 Αἰ.
621 4113 698 4197 201)
720 4118 811 4194 poeta
833 4115 1084 4196 aequabilitatem
1113 4115 1303 4194 anapaestici

60 4226 239 4307 systematis
254 4226 355 4289 minus
373 4226 540 4307 diligenter
557 4227 746 4303 observavit,
768 4228 826 4290 hoc
837 4247 944 4308 parum
954 4227 1101 4292 credibile
1121 4231 1170 4289 est
1191 4228 1224 4288 in
1246 4228 1303 4287 hac

61 4338 174 4415 fnbula
196 4338 313 4418 inqua
333 4338 436 4404 omnia
457 4359 575 4402 summa
588 4359 662 4402 cura
681 4339 838 4403 elaborate
850 4338 938 4417 sunt3'
960 4340 1040 4419 quod
1054 4362 1084 4404 v.
1097 4341 1158 4402 161
1175 4339 1304 4400 dimeter

61 4453 238 4514 tetrametro
259 4450 353 4530 (146)
373 4450 552 4532 respondet,
583 4451 640 4514 hoo
667 4472 705 4514 ex
732 4451 877 4516 liberiore
906 4449 1146 4515 conformatione
1174 4448 1303 4511 extremi
