2956 4934
712 270 754 333 43

696 374 839 387 Atat-nm

105 497 211 575 ,αὐτὸς
236 497 323 584 ἄξιοί
346 505 486 582 θανεῖν),
516 503 549 566 id
571 502 619 565 ita
639 523 700 566 non
720 505 828 584 probo,
856 508 892 565 ut
913 505 971 567 boo
991 505 1058 568 loeo
1081 504 1261 584 Sophoclem
1282 503 1358 565 duos

111 637 222 680 vorsus
244 615 347 678 nuntii
369 615 462 678 etiam
484 617 669 696 praetulisse
694 621 799 696 putam
826 616 880 679 uni
902 617 1014 679 versui.
1055 617 1256 692 Quamobrem
1285 617 1359 678 baso

112 733 205 810 poeta
228 728 350 791 dedisse
370 729 509 794 videtur:

200 845 294 907 IOK.
316 840 390 914 παῖς
411 831 527 920 είπας,·
552 830 572 927 ἦ
592 836 748 926 τέθνηκεν
772 837 930 921 [Οἰδίπου
951 830 1076 928 πατήρς

200 956 266 1018 ΑΓ
262 956 299 1017 Γ.
320 947 435 1033 ἔξωθί
462 971 531 1018 τοι·
561 948 710 1037 τίθνιμιε]
733 942 902 1033 Πόλυβος·
938 949 968 1018 εί
997 949 1035 1018 δὲ
1061 945 1107 1037 μὴ

121 1067 125 1072 ’
325 1058 405 1149 λέγοι
432 1052 459 1149 μ’
487 1055 552 1146 ἕνα
574 1057 744 1148 τάληθὲς,
766 1060 851 1145 ἀξιοῖ
874 1068 1001 1144 θανεῖν,
1198 1048 1201 1057 ’

112 1175 220 1239 oculus
243 1174 352 1237 librari
374 1179 477 1238 autam
498 1175 654 1240 aberravit
675 1178 713 1237 ab
736 1177 832 1240 altero
854 1173 1011 1262 τέθνηκεν
1032 1176 1073 1239 ad
1094 1176 1231 1237 altarum.
1254 1209 1295 1221 —

90 1311 93 1317 ·
201 1289 249 1350 Da
276 1287 419 1367 opinione
449 1288 594 1350 Teuffelii
621 1292 694 1367 post
722 1288 763 1350 ib.
793 1289 875 1350 1423
902 1289 1042 1351 lacunam
1072 1287 1241 1350 statuentis
1268 1287 1359 1348 infra.

113 1401 184 1463 Non
218 1399 285 1462 sine
305 1399 459 1481 probabili
480 1399 599 1463 ratione
621 1399 795 1464 Wunderus
825 1406 897 1481 post
927 1386 1362 1463 ib.1445nonnullaintsr-

113 1511 229 1574 eidisso
252 1511 430 1574 arbitratur.
462 1512 568 1574 Etiam
590 1517 662 1592 post
683 1511 720 1574 ib.
745 1511 828 1575 1135
851 1514 932 1575 haud
955 1514 1018 1576 seio
1041 1534 1081 1574 an
1101 1535 1209 1576 versus
1232 1513 1362 1576 omissus

114 1623 168 1698 sit,
204 1643 333 1702 quooum
361 1628 393 1686 at
421 1625 547 1687 verbum
574 1625 653 1686 unde
685 1623 809 1686 dativus
837 1620 1006 1703 ποιμνίοις
1030 1623 1079 1704 (ut
1107 1621 1307 1704 ἐπιστατεῖν)
1330 1630 1362 1687 et

114 1737 243 1798 verbum
270 1735 348 1798 unda
375 1735 569 1798 aoousativus
597 1727 652 1800 ror
679 1741 719 1798 ll.
742 1726 843 1801 τόπον
872 1740 963 1817 aptus
993 1741 1088 1812 esset,
1118 1739 1167 1814 (ut
1189 1732 1309 1815 νέμειν)
1332 1741 1364 1798 at

115 1841 179 1932 ἐγώ
203 1843 448 1933 (ἐπλησίαζον)
472 1848 655 1911 interierint.
681 1885 718 1894 —

202 1961 422 2024 Morstadtium
444 1965 517 2042 post
538 1961 586 2024 El.
600 1961 641 2022 35
665 1961 805 2048 lacunam
827 1963 1015 2022 statuentem
1034 1959 1193 2040 redarguit
1207 1961 1242 2021 B.
1254 1959 1364 2022 Amol·

117 2074 174 2136 (lus
193 2073 330 2152 (Vindio.
354 2075 493 2154 Sophool.
516 2095 544 2154 p.
559 2075 593 2152 9)
616 2073 691 2135 oonl.
714 2071 825 2135 Aesob.
847 2074 936 2134 Eum.
952 2071 1030 2148 454,
1053 2074 1127 2134 Eur.
1143 2071 1220 2135 Mad.
1236 2071 1299 2134 678
1311 2093 1363 2153 το,

118 2187 210 2267 Sopb.
233 2166 268 2248 O.
290 2187 329 2248 R.
354 2187 447 2248 1271.
470 2221 510 2232 —
534 2188 611 2249 Post
633 2185 673 2247 ib.
696 2186 759 2248 316
783 2185 874 2264 signa
895 2186 1022 2248 lacunas
1043 2185 1148 2265 posuit
1170 2185 1204 2247 0.
1226 2185 1364 2246 Iahnius.

116 2300 232 2362 Varum
254 2318 310 2361 nso
333 2287 487 2361 sententia
509 2298 749 2361 additamentum
772 2296 982 2360 desiderat-
1003 2303 1185 2377 aspernatur
1205 2297 1309 2377 potius
1321 2330 1365 2344 -

115 2431 212 2490 nequa
234 2410 484 2490 aequabilitatem
504 2411 583 2473 bano
606 2408 804 2473 artificiosam
825 2409 958 2474 diverbii
979 2414 1070 2490 poeta
1091 2413 1227 2472 saotatua
1250 2413 1306 2471 ost.
1323 2442 1364 2454 -

116 2525 201 2587 Post
224 2522 275 2585 Ab
295 2524 377 2585 1296
400 2544 524 2585 versum
546 2519 599 2603 (οὲ
622 2515 680 2587 σόν
701 2520 730 2588 τ’
753 2510 915 2608 ἀδελφόν,
937 2515 996 2608 τήν
1017 2510 1213 2607 μιοίοιειραν
1236 2516 1365 2600 λέχους)

118 2636 225 2699 deesse
247 2635 418 2697 arbitratur
438 2635 639 2697 Hsrmauuus.
662 2671 702 2681 -

204 2828 310 2900 XIII.
342 2828 573 2900 Permutatio
595 2828 793 2900 literarum
815 2831 855 2900 et
876 2828 1143 2901 voeabulorum
1167 2846 1281 2900 eausa

620 2942 868 3030 oorruptelae.

203 3085 333 3148 Infinita
361 3089 410 3148 est
436 3107 538 3148 sorum
566 3085 713 3148 vitiorum
742 3086 920 3161 multitudo,
958 3107 1034 3165 quaa
1069 3108 1106 3148 ex
1143 3087 1366 3166 permutatione

118 3199 284 3273 literarum,
308 3199 581 3278 voeabulommque
612 3203 687 3260 nata
718 3202 798 3260 sunt.
850 3199 1051 3274 Quamobrem
1086 3219 1125 3260 ne
1155 3199 1264 3277 longus
1299 3199 1365 3274 rim,

118 3312 200 3374 nibil
220 3311 284 3374 nisi
307 3311 387 3391 quod
408 3311 447 3372 ad
467 3311 568 3390 ipsum
589 3331 689 3372 meum
710 3331 799 3372 usum
813 3311 961 3392 partinet,
984 3311 1127 3372 adferam.
1158 3310 1367 3373 Memorabilis

119 3429 168 3488 ast
190 3423 349 3505 adnotatio
371 3422 555 3486 soboliastae
574 3423 613 3485 ad
628 3425 700 3485 Eur.
715 3424 829 3486 Pboou.
846 3424 909 3485 682
927 3411 1088 3510 γράφεται
1111 3422 1171 3506 ,σῷ
1186 3445 1235 3487 νιν
1250 3415 1366 3512 ἐκγόνῳ

119 3531 256 3616 κτίσαν,
278 3531 322 3602 ἵν’
344 3522 365 3623 ᾖ
385 3535 433 3618 τῷ
455 3527 574 3620 ἐγγόνῳ
599 3553 670 3616 σου,
693 3534 741 3620 τῷ
763 3524 908 3620 Κάδμῳ,
931 3532 967 3600 αί
991 3532 1072 3602 θεαί
1095 3531 1287 3601 κατέκτιοαν
1309 3528 1368 3609 τοῖς

119 3636 254 3734 Θήβας·
277 3643 382 3735 μέμονε
405 3643 441 3712 δὲ
462 3644 542 3736 περί
564 3638 622 3734 τὴν
636 3642 778 3734 ἀρχαίαν
793 3640 921 3736 γραφήν
932 3637 1125 3738 ἁμάρτημα·
1147 3643 1201 3712 ἐπ’
1214 3638 1369 3735 ἄρχοντος

118 3753 179 3848 γὰρ
200 3747 383 3846 Ἀθήνῃσιν
406 3743 582 3825 abactor)
608 3751 709 3846 μήπω
743 3760 808 3824 τῶν
835 3760 969 3847 μακρῶν
991 3751 1173 3850 εὑρημένων
1194 3763 1262 3832 τοῖς
1283 3760 1368 3848 βρα-

120 3869 212 3953 χίοιν
233 3868 308 3938 ἀντί
330 3871 464 3960 μακρῶν
486 3865 645 3958 ἐχρῶντο,
674 3868 722 3954 τῷ
749 3867 860 3938 οοίντί
888 3871 944 3938 τοῦ
973 3869 1073 3957 paui
1102 3870 1151 3942 soi
1173 3892 1190 3935 ο
1215 3867 1288 3936 ἀντί
1310 3869 1368 3935 τοῦ

121 4006 165 4049 ω·
189 3977 331 4075 ἔγραφον
352 3972 407 4050 οὖν
428 3976 466 4050 τό
488 3977 583 4070 δήμῳ
605 3975 689 4064 μετοί
711 3983 770 4049 τοῦ
792 4006 804 4048 ι
827 3976 944 4071 δῆμοι·
974 3977 1020 4071 μὴ
1044 3972 1215 4070 νοήσαντες
1244 3979 1280 4050 δὲ
1311 3980 1366 4048 καί

121 4090 171 4165 ὅτι
202 4089 287 4163 κατὰ
312 4090 373 4181 τὴν
400 4092 540 4186 ἀρχαίαν
568 4094 623 4160 καί
655 4097 705 4161 δεῖ
731 4097 954 4181 μετατεθῆναι
981 4091 1020 4162 τὸ
1049 4092 1141 4174 osio
1168 4087 1207 4161 τὸ
1228 4118 1255 4159 οι
1285 4091 1368 4180 μέγα

120 4203 281 4301 ἐτάραξαν
303 4200 341 4274 ari
363 4195 484 4292 νοητόν.
527 4207 617 4271 Adde
644 4209 753 4272 literas
781 4209 947 4288 ospitales,
980 4209 1091 4289 quibus
1122 4208 1223 4290 ipsum
1253 4206 1367 4270 oodioia

120 4316 211 4386 Laur.
234 4321 436 4401 archetypum
464 4314 622 4385 exaratum
649 4326 729 4398 arat,
765 4321 874 4384 deindo
896 4321 975 4383 vitia
1004 4341 1041 4383 ax
1070 4319 1272 4382 similitudine
1300 4339 1368 4399 pro·

121 4433 327 4498 nuntiationis
347 4437 418 4497 orta
437 4432 539 4512 (velut
559 4453 590 4497 ει
611 4437 643 4497 et
665 4428 683 4496 ι
700 4433 879 4514 saepissima
899 4435 1112 4515 permutantur
1133 4432 1188 4494 ofr.
1201 4431 1235 4492 0.
1247 4430 1281 4493 O.
1292 4431 1367 4506 467,
