2956 4934
718 302 757 366 11

636 405 758 420 ἋΛΛΛΛΜΛ
832 405 840 417 Ι

113 556 172 599 una
198 534 330 597 lectione
353 537 470 616 aliquid
501 536 538 599 de
555 558 625 600 suo
658 536 781 615 ingenio
814 535 1003 615 adspersisse
1024 534 1148 597 videtur
1169 535 1359 599 diorthotes:

113 649 145 711 Ο.
168 647 202 710 0.
228 648 313 709 1220
335 643 508 734 ἐπίκουρος
530 670 575 729 pr.
596 643 653 713 ἔπι
677 648 789 734 κοῦρος
818 669 892 724 sec,
924 649 958 711 in
987 648 1125 727 margine
1155 667 1174 708 a
1204 645 1361 709 diorthota

112 749 236 840 οἶμαι
260 751 355 844 κόρος
385 761 453 843 (cfr.
476 762 593 832 schol).
636 761 742 823 Etiam
771 761 925 840 scriptura
952 760 1166 822 nonnullarum
1195 759 1361 821 lectionum

112 867 205 951 (δίκα
227 891 283 950 pro
308 869 405 955 δίκᾳ,
435 864 596 952 λαμβάνει
618 893 674 952 pro
698 863 893 955 λαμβάνεις,
923 859 1095 958 τηλοοργός
1116 891 1172 949 pro
1194 857 1362 952 τηλουρός)

113 989 327 1064 argumentum
349 989 411 1060 est,
433 984 504 1046 illas
528 1006 566 1047 ex
588 985 690 1065 aliquo
711 985 791 1077 libro
815 984 1037 1063 transscriptas
1059 1004 1133 1046 esse.
1157 1018 1198 1029 —

197 1111 341 1192 Apparet
362 1113 476 1194 igitur,
511 1115 585 1193 quid
612 1115 650 1176 de
672 1114 721 1176 his
748 1086 931 1178 lectionibus
961 1112 1157 1175 iudicandum
1186 1113 1238 1174 sit.
1281 1114 1363 1176 Male

112 1226 267 1306 Bergkius
297 1228 346 1288 El.
372 1229 435 1289 915
472 1220 719 1313 τοίγλονΐσμοτα,
752 1227 826 1288 Ant.
850 1228 913 1289 846
944 1222 1138 1306 §necantem
1161 1221 1362 1307 (ἐπιβώμιον)

114 1339 240 1418 recepit.
263 1374 305 1384 —
327 1341 372 1400 Et
392 1360 430 1401 ne
453 1340 521 1419 quis
543 1344 647 1419 putet,
671 1338 745 1400 Ant.
770 1340 832 1400 195
854 1335 943 1424 (δορί
967 1359 1116 1420 superscr.
1139 1359 1176 1418 χε
1198 1359 1288 1418 super
1311 1338 1363 1418 δο)

114 1453 276 1515 lectionem
298 1449 369 1540 χερί
393 1450 513 1531 aliquid
534 1452 732 1514 auctoritatis
755 1453 879 1527 habere,
913 1454 1051 1515 conferat
1079 1453 1121 1513 ib.
1146 1452 1230 1514 1208
1252 1439 1364 1532 μολοίν

115 1583 264 1643 superscr.
288 1568 338 1628 αθ
360 1555 528 1643 (μαθών),
556 1563 596 1624 ib.
619 1563 681 1625 316
713 1553 818 1628 οἶσθα
849 1583 999 1642 superscr.
1021 1553 1052 1626 εἶ
1076 1582 1167 1643 super
1189 1553 1221 1624 σί
1246 1552 1363 1640 (εἶσθα

115 1675 411 1759 formaByzantina)
435 1681 466 1737 et
489 1675 594 1738 addita
615 1676 871 1756 interpretatione
893 1668 1008 1740 ἄπιθι.
1034 1671 1090 1738 καὶ
1113 1674 1167 1740 νῦν
1190 1668 1251 1762 γάρ
1264 1663 1363 1761 λέγων

115 1776 250 1878 οἶνιοιρὸς
278 1809 338 1869 μοι
368 1779 416 1867 al,·
452 1790 501 1850 El.
524 1790 587 1851 876
616 1785 695 1855 ideis
724 1809 873 1868 superscr.
904 1781 961 1853 ἔτι.
1006 1786 1080 1849 Ant.
1108 1788 1171 1849 387
1202 1787 1363 1868 Bergkius,

115 1902 179 1964 429
202 1901 379 1964 Dindorfius
401 1921 505 1963 veram
527 1902 712 1981 scripturam
734 1900 882 1963 restituit.

202 2032 307 2094 Verba
339 2035 483 2124 corrupta
510 2053 539 2095 v.
561 2031 612 2094 El.
636 2031 721 2094 1097
753 2030 901 2113 quomodo
934 2029 1120 2092 emendanda
1148 2030 1212 2092 sint
1240 2027 1364 2093 dubium

118 2148 174 2206 cst.
214 2145 250 2206 L.
272 2145 416 2225 Langeus
445 2145 572 2226 scripsit
601 2133 720 2229 κροίτοξ
742 2135 769 2207 τ’
793 2135 940 2230 ἀριστεῖά
967 2135 994 2207 τ’
1024 2135 1185 2226 εὐσεβείᾳ.
1230 2145 1299 2224 Ego
1332 2142 1366 2205 in

121 2254 190 2332 δισς
211 2255 358 2335 reliquias
380 2256 466 2320 vocis
490 2256 588 2328 κῦδος
610 2256 746 2331 invenio,
775 2260 810 2318 ut
834 2251 1025 2319 scribendum
1047 2256 1091 2317 sit
1113 2244 1230 2344 κράτος
1251 2276 1286 2318 re
1308 2249 1365 2317 καὶ

120 2367 218 2441 κῦδος
239 2358 402 2454 εὐσεβείᾳ.
423 2403 464 2414 -

204 2501 364 2562 Postremo
394 2499 430 2562 de
459 2499 590 2563 lectione
619 2500 810 2564 memorabili
843 2499 953 2563 Trccb.
978 2497 1062 2587 1005
1085 2519 1106 2562 c
1136 2490 1294 2585 δύσμορον
1319 2520 1364 2586 γρ.
1423 2550 1424 2554 ,

120 2604 256 2679 ίίοσατον
278 2612 451 2688 dicendum,
474 2635 550 2692 quae
572 2613 659 2676 cuius
681 2635 788 2676 manus
812 2613 855 2675 sit
876 2613 1021 2676 nescitur.
1053 2613 1137 2675 Haec
1158 2611 1266 2687 lectio,
1290 2631 1366 2691 quae

121 2728 157 2788 ab
184 2727 359 2788 Hermanno
388 2731 471 2788 recte
500 2725 538 2788 ad
566 2717 724 2791 δύστανον
750 2748 780 2789 v.
809 2747 852 2806 sq.
881 2725 978 2788 relata
1008 2729 1071 2800 est,
1105 2744 1166 2787 non
1197 2723 1298 2784 minus
1329 2744 1367 2785 ex

120 2814 374 2924 interpretatione
396 2843 470 2900 nata
492 2859 558 2900 esse
579 2838 715 2914 videtur,
746 2860 835 2918 quam
857 2839 908 2900 vel
937 2858 998 2912 eae,
1029 2858 1104 2916 quas
1132 2858 1225 2918 supra
1247 2857 1366 2898 enarra·

121 2951 236 3028 vimus,
270 2952 321 3014 val
344 2951 377 3012 0.
400 2953 439 3014 It.
462 2951 524 3013 229
553 2941 705 3039 ἀσφαλής
732 2976 777 3039 γρ.
802 2938 951 3036 ἀβλαβής
978 2971 1056 3011 am.
1078 2971 1149 3026 rec,
1180 2951 1260 3030 quod
1289 2950 1367 3012 male

120 3065 237 3146 recepit
263 3065 449 3127 Dindorfius.
493 3065 697 3139 Quamobrem
729 3085 791 3127 nou
823 3085 890 3126 eum
918 3065 1091 3126 Hermanno
1125 3055 1201 3130 ἐᾶθ’
1228 3053 1367 3126 ὕστατον

120 3166 254 3244 εὐνοίσαι
278 3176 366 3261 (libri
394 3178 508 3240 habent
537 3165 612 3242 ἐᾶτὲ
641 3199 683 3259 με
709 3168 867 3242 δύστανον
895 3169 1042 3256 abacos)
1076 3174 1282 3249 scribendum,
1314 3172 1367 3234 sod

122 3276 195 3353 s’ffss'
218 3309 260 3370 με
280 3289 344 3368 (vel
358 3284 444 3368 ἐᾶτε)
463 3286 667 3355 λοίσθιον
688 3281 824 3354 εὑνᾶσαι
836 3290 1067 3368 (ΛΟΙΟΘΙΟΝ
1085 3288 1370 3353 ctAl'CTANON

122 3401 212 3465 facile
234 3402 404 3482 permutari
425 3407 570 3483 poterant
590 3402 772 3483 praesertim
793 3423 861 3464 oum
884 3387 1045 3488 δύσμορον
1066 3399 1281 3482 praecederet).
1304 3397 1368 3459 cfr.

123 3515 155 3576 0.
178 3515 210 3578 0.
234 3515 297 3576 583
320 3505 362 3580 roi
383 3505 506 3580 λοίοθί
530 3512 613 3580 αἰτεῖ
635 3516 691 3581 τοῦ
713 3512 803 3595 βίον,
825 3513 875 3576 Αἰ.
898 3515 962 3576 468
987 3511 1140 3580 λοίσθιον
1165 3504 1270 3578 θάνω.
1295 3547 1333 3557 -—

401 3742 456 3828 De
483 3740 619 3829 ceteris
645 3739 779 3828 codicis
806 3738 1086 3828 comestoribus.

208 3925 369 3987 Minimum
390 3924 588 3986 auctoritatis
610 3926 726 3987 habent
747 3928 864 3986 ceterae
886 3942 993 3984 manus
1015 3923 1177 4000 (notantur
1198 3922 1278 4001 apud
1294 3921 1369 3983 Din-

125 4037 251 4101 dorfium
273 4037 324 4100 vel
346 4036 529 4116 simpliciter
551 4059 589 4099 m.
612 4058 686 4112 sec,
709 4041 863 4100 corrector
884 4035 935 4097 val
956 4057 993 4095 m.
1016 4034 1156 4113 antiqua,
1179 4032 1269 4095 valde
1291 4033 1370 4095 auti·

126 4171 196 4228 qua,
219 4171 258 4210 m.
280 4170 399 4224 recens,
427 4149 591 4224 recentior,
620 4149 845 4224 recentissima,
879 4169 916 4208 m.
940 4147 1043 4227 quarti
1064 4147 1114 4209 vel
1136 4145 1239 4224 quinti
1260 4144 1369 4207 decimi

126 4263 246 4342 seculi),
270 4283 346 4341 qnae
367 4263 543 4344 plerumque
565 4262 604 4323 de
626 4282 680 4325 auo
703 4262 833 4324 arbitrio
855 4261 1013 4324 levissima
1028 4260 1110 4322 vitia
1125 4258 1368 4332 emendaverunt,

125 4375 338 4438 inumerabilia
359 4376 543 4456 insipienter
564 4376 816 4455 depravaverunt.
848 4374 919 4435 Una
941 4394 976 4434 ea
999 4393 1075 4452 quae
1097 4371 1224 4449 antiqua
1242 4373 1369 4434 vocatur

126 4509 231 4550 manus
253 4490 343 4568 plura
364 4489 411 4550 ita
433 4488 620 4564 emendavit,
648 4492 685 4550 ut
706 4507 797 4566 saepe
818 4485 1042 4566 aliquantulum
1062 4481 1201 4556 mireris,
1228 4485 1263 4543 et
1289 4479 1376 4542 sicut
