2956 4934
717 268 761 329 40

635 371 839 387 ΝνυυννΛνυνυνκ

197 503 325 564 Rectius
347 503 469 565 videtur
491 501 644 581 Bergkius
659 501 739 562 Phil.
762 506 834 580 post
856 503 921 563 854
943 501 975 562 in
996 503 1112 576 lacuna,
1135 522 1226 582 quam
1248 501 1304 562 elii
1327 502 1359 561 in

111 617 251 679 versibus
273 614 504 693 insequentibus
527 618 672 692 quattuor
694 614 894 690 hexametros,
919 615 972 694 qui
993 615 1196 694 respondeant
1217 615 1359 678 versibus

113 727 279 802 sss-42,
311 725 540 806 deprehendere.
584 725 673 799 Quod
695 729 796 786 autem
818 725 897 786 idem
918 725 959 789 ib.
983 731 1054 808 carte
1075 745 1103 788 ο.
1126 726 1189 788 642
1211 728 1360 789 nonnulla

112 839 261 901 excidisse
291 838 478 918 suspicatur,
516 837 550 899 id
578 857 685 916 parum
714 838 873 916 probabile
903 843 965 912 est,
1000 859 1090 916 quum
1121 861 1149 901 v.
1173 839 1358 901 640-642

112 950 269 1012 artissima
291 949 513 1012 necessitudine
536 949 757 1014 contineantur.
802 939 1022 1028 corrigendum
1042 949 1141 1028 igitur
1162 945 1221 1013 οὐκ
1250 940 1356 1029 ἄλλος

112 1054 184 1127 oid·
207 1056 295 1127 ἀλλὰ
308 1062 519 1135 Doederlinus,
539 1059 594 1126 οὐκ
613 1050 678 1142 cipe
689 1062 869 1137 Meinekins,
891 1059 947 1127 edu
958 1053 1041 1126 edroi
1056 1064 1096 1124 M.
1109 1062 1280 1141 Seyffertns
1291 1081 1359 1123 con·

111 1175 198 1236 iecit:
232 1175 309 1234 mihi
330 1173 454 1234 videtur
476 1160 559 1237 atad
581 1173 661 1234 nihil
683 1174 767 1234 aliud
796 1195 862 1236 esse
885 1195 975 1253 quam
998 1166 1068 1255 ἅμα
1091 1175 1159 1251 (cfr.
1182 1173 1257 1234 Ant.
1279 1173 1359 1251 436)

113 1294 146 1351 et
166 1293 203 1351 ut
223 1288 355 1362 adsolet,
388 1278 440 1370 ἄρ’
469 1293 541 1350 ante
568 1277 638 1367 ἅμα
667 1287 873 1349 intercidisse:
911 1281 969 1350 οὐκ
998 1281 1050 1372 ἄρ’
1078 1278 1149 1367 ἅμα
1178 1280 1359 1350 sciscitator

112 1395 202 1463 τοῦτ’
217 1393 364 1478 ἐναντίας
388 1399 451 1460 Nec
472 1399 572 1460 minus
594 1398 697 1477 opinio
710 1397 936 1461 Schneidewini
949 1402 1021 1476 post
1038 1397 1079 1458 ih.
1092 1397 1170 1472 533,
1192 1396 1360 1457 Hermanni

114 1512 187 1588 post
206 1508 247 1570 ib.
271 1508 354 1569 1443
377 1509 516 1570 lacunam
538 1509 706 1571 statuentis
728 1509 890 1571 refutanda
912 1513 967 1571 est.

201 1621 311 1683 Trach.
333 1620 398 1682 264
419 1625 451 1682 et
473 1621 536 1683 267
567 1623 692 1684 lacunas
721 1621 839 1682 indicat
865 1626 897 1684 et
925 1625 997 1682 ante
1027 1620 1088 1680 281
1114 1619 1260 1681 nonnulla
1282 1617 1360 1680 exci-

114 1715 196 1794 disse
218 1732 392 1812 suspicatur
412 1733 575 1814 Berghius.
618 1735 656 1796 V.
680 1734 745 1796 264
767 1738 849 1794 recte
878 1733 1100 1814 interpretatus
1129 1735 1179 1792 est
1200 1732 1361 1794 Dobraeus

112 1845 192 1907 adv.
215 1847 260 1920 H,
281 1846 326 1906 40
349 1846 572 1925 „supprimitur
593 1847 720 1908 verbum
741 1867 779 1907 ex
800 1837 1006 1932 ἐπερρόθησε
1027 1843 1267 1924 οορρΙοοάοιο“,
1289 1863 1361 1904 nam

113 1956 160 2017 ita
181 1956 300 2019 demum
323 1952 422 2040 λέγων
443 1961 515 2036 post
536 1977 583 2031 ea,
620 1936 697 2035 qhae
724 1957 763 2018 ad
786 1950 864 2043 ἔργα
894 1955 1063 2035 pertinent,
1096 1953 1163 2016 sine
1193 1953 1362 2016 offensione

115 2069 205 2130 facile
227 2068 356 2147 adiungi
378 2071 497 2146 potest;
520 2089 549 2128 v.
573 2068 636 2130 267
659 2068 850 2131 coniecturas
872 2067 1040 2130 Hermanni
1062 2064 1255 2130 ethnderi
1277 2067 1362 2152 (φα-

115 2175 182 2254 νείς
203 2214 244 2224 -
269 2176 351 2261 ἀντ’)
373 2180 586 2260 praeferendas
609 2200 675 2240 esse
705 2179 875 2258 suspicioni
896 2179 1038 2258 Bergkii,
1067 2178 1137 2240 inde
1158 2178 1361 2259 intellegitur,

114 2290 194 2370 quod
222 2312 290 2352 cum
326 2285 445 2379 ἀνδρὸς
479 2286 658 2378 ἐλευθέρου
692 2292 733 2353 ad
760 2292 937 2371 Eurysthea
964 2291 1165 2370 pertineret,
1185 2287 1362 2380 ἐλευθέρου

114 2405 275 2468 molestum
297 2408 379 2466 esset
401 2404 581 2483 deberetque
601 2404 663 2466 dici
685 2397 784 2469 didos
806 2397 935 2491 ἀνδρὸς.
979 2405 1119 2485 Adparet
1150 2404 1262 2484 igitur,
1294 2424 1362 2466 cum

114 2515 231 2604 φανεὶς
253 2517 286 2579 in
308 2521 410 2604 φωνεῖ
431 2518 630 2598 depravatum
651 2522 746 2592 esset,
780 2513 851 2581 ἀντὶ
881 2522 1048 2579 correctum
1076 2537 1143 2579 esse
1171 2517 1204 2577 in
1234 2509 1295 2595 ὡς,
1326 2519 1363 2576 ut

115 2627 245 2714 ῥαίοιτο
271 2631 399 2691 haberet
425 2629 505 2690 unde
534 2629 679 2709 penderet
710 2629 778 2712 (cfr.
800 2621 847 2704 ὥς
876 2629 1096 2708 interpolatum
1117 2629 1166 2690 El.
1189 2629 1253 2706 61).
1297 2628 1362 2689 Nec

114 2742 278 2821 quidquam
311 2747 383 2802 ante
417 2762 445 2802 v.
473 2741 534 2801 281
570 2740 768 2802 desideratur.
820 2740 908 2814 Quod
939 2741 1013 2801 item
1042 2740 1197 2820 Berghius
1225 2740 1267 2802 ib.
1297 2740 1360 2800 768

113 2853 249 2933 vestigia
277 2853 385 2916 omissi
413 2874 520 2916 versus
549 2853 582 2914 in
611 2853 808 2916 adnotatione
835 2853 1019 2915 scholiastae
1046 2852 1269 2933 deprehendere
1299 2852 1361 2914 sihi

113 2966 250 3041 videtur,
273 2971 355 3028 recte
377 2966 782 3028 animadvertitDindorfius
805 2967 899 3028 verba
913 2957 1012 3052 νεαροὶ
1025 2953 1125 3048 xcidit]
1148 2986 1185 3027 cx
1207 2964 1361 3028 adiectivo

115 3076 300 3168 devinctior
321 3083 444 3159 sumpta
465 3099 548 3156 ssse;
576 3099 606 3139 v.
631 3079 692 3140 782
716 3083 831 3154 autem,
859 3082 930 3157 post
952 3099 1041 3157 quem
1062 3078 1201 3139 lacunam
1223 3079 1361 3138 statuere

114 3195 184 3256 vult
194 3192 356 3272 Bergkins,
379 3191 577 3272 corrigendus
599 3196 662 3266 est,
685 3192 722 3253 de
744 3212 802 3270 quo
824 3191 908 3252 infra
928 3190 1054 3251 dicetur.
1094 3190 1140 3250 Ib.
1163 3189 1226 3251 863
1249 3188 1361 3250 Meina-

113 3306 184 3368 kins
207 3311 278 3367 ante
290 3304 479 3368 semimorii
501 3305 596 3366 verba
617 3303 748 3365 nutricis
770 3302 965 3364 eiulationum
982 3294 1035 3380 (ici
1048 3297 1107 3380 μοί
1118 3304 1190 3381 μοι)
1209 3300 1361 3362 excidisse

113 3423 212 3499 putat.
247 3419 333 3479 Tunc
356 3417 460 3479 eadem
482 3416 610 3478 eiulatio
632 3416 726 3476 etiam
748 3420 819 3476 ante
832 3415 895 3477 865
913 3414 1054 3494 ponenda
1075 3419 1171 3489 esset,
1193 3412 1247 3474 sed
1270 3432 1362 3491 quum

113 3549 175 3592 non
196 3528 293 3592 subiti
315 3529 460 3609 gemitus,
483 3528 537 3590 sed
557 3526 720 3590 continuus
743 3519 855 3604 οἶκτος
876 3514 1048 3606 (κωκυτὸς)
1070 3526 1277 3607 significetur,
1299 3545 1361 3588 non

114 3663 191 3723 opus
213 3646 262 3705 est
280 3643 355 3705 haec
376 3641 480 3706 vorbis
503 3661 522 3702 a
542 3644 635 3720 poeta
656 3640 796 3704 describi.

200 3751 272 3818 Aac.
295 3753 358 3818 167
380 3754 510 3835 aliquid,
539 3774 607 3816 eum
637 3748 752 3816 κείνων
775 3750 869 3837 (168)
899 3751 938 3815 ad
961 3751 1109 3831 Oedipum
1136 3754 1168 3812 et
1189 3749 1228 3810 ad
1249 3749 1360 3813 Laium

114 3867 276 3948 pertineat,
297 3866 403 3947 itaque
418 3865 551 3946 Oedipus
573 3863 765 3940 excludatur,
787 3864 824 3926 de
836 3863 952 3943 Oedipo
974 3863 1091 3925 dictum
1112 3866 1274 3942 exspectas
1295 3862 1316 3924 i.
1335 3884 1361 3925 e.

114 3984 187 4061 post
210 3980 272 4042 167
295 3981 370 4044 haec
392 3980 455 4042 fere
476 3977 630 4042 sententia
651 3976 779 4040 excidit:
807 3963 911 4059 τούτῳ
933 3962 1208 4057 deputaverimus
1229 3963 1272 4038 αὖ
1292 3995 1362 4038 πο-

115 4080 290 4182 ραοτάτας.
311 4128 349 4139 -

199 4199 245 4268 ib.
265 4208 338 4285 post
359 4202 423 4266 212
444 4223 566 4268 versum
586 4201 744 4266 interiisse
765 4201 839 4265 olim
862 4199 1052 4281 Scaligerus,
1074 4203 1183 4279 postea
1203 4197 1240 4259 B.
1252 4197 1360 4261 Thiar

115 4319 220 4383 schius
243 4318 417 4398 suspicatus
439 4321 495 4380 est.
539 4316 698 4395 Quotquot
718 4314 828 4376 factae
842 4317 915 4376 sunt
936 4313 1126 4376 coniecturae
1147 4310 1198 4374 vel
1219 4305 1280 4382 acic
1302 4302 1361 4375 τόν

113 4427 232 4516 εὐμενῆ
254 4427 422 4515 (Dindorf.)
452 4428 503 4493 vol
532 4429 637 4493 ποιεῖν
659 4425 813 4507 (Martia.)
840 4425 892 4488 vel
919 4427 1025 4510 κυρεῖν
1047 4424 1101 4503 (Μ.
1123 4406 1282 4504 Seyffert.)
1310 4421 1361 4486 vel
