<?xml version="1.0" encoding="UTF-8"?>
<!DOCTYPE html PUBLIC "-//W3C//DTD XHTML 1.0 Transitional//EN"
    "http://www.w3.org/TR/xhtml1/DTD/xhtml1-transitional.dtd">
<html xmlns="http://www.w3.org/1999/xhtml" xml:lang="en" lang="en">
 <head>
  <title>
</title>
<meta http-equiv="Content-Type" content="text/html;charset=utf-8" />
  <meta name='ocr-system' content='tesseract 3.04.00' />
  <meta name='ocr-capabilities' content='ocr_page ocr_carea ocr_par ocr_line ocrx_word'/>
</head>
<body>
  <div class='ocr_page' id='page_1' title='image "arssophocliseme00weckgoog_0048.png"; bbox 0 0 2956 4934; ppageno 0'>
   <div class='ocr_carea' id='block_1_1' title="bbox 54 268 1305 1474">
    <p class='ocr_par' dir='ltr' id='par_1_1' title="bbox 666 268 707 329">
     <span class='ocr_line' id='line_1_1' title="bbox 666 268 707 329; baseline 0 0"><span class='ocrx_word' id='word_1_1' title='bbox 666 268 707 329; x_wconf 83' lang='lat'><strong>29</strong></span> 
     </span>
    </p>

    <p class='ocr_par' dir='ltr' id='par_1_2' title="bbox 54 491 1305 1474">
     <span class='ocr_line' id='line_1_2' title="bbox 147 491 1305 588; baseline 0.003 -24"><span class='ocrx_word' id='word_1_2' title='bbox 147 497 183 564; x_wconf 91' lang='grc'><strong>0.</strong></span> <span class='ocrx_word' id='word_1_3' title='bbox 207 499 246 562; x_wconf 84' lang='lat' dir='ltr'><strong>R.</strong></span> <span class='ocrx_word' id='word_1_4' title='bbox 268 499 333 563; x_wconf 88' lang='grc'><strong>508</strong></span> <span class='ocrx_word' id='word_1_5' title='bbox 354 495 572 586; x_wconf 71' lang='grc' dir='ltr'><em>μεμφομένων</em></span> <span class='ocrx_word' id='word_1_6' title='bbox 594 491 633 565; x_wconf 76' lang='grc' dir='ltr'><strong>δν</strong></span> <span class='ocrx_word' id='word_1_7' title='bbox 655 497 843 588; x_wconf 73' lang='grc' dir='ltr'><strong><em>καταφαίην</em></strong></span> <span class='ocrx_word' id='word_1_8' title='bbox 864 524 925 565; x_wconf 92' lang='lat' dir='ltr'><strong>non</strong></span> <span class='ocrx_word' id='word_1_9' title='bbox 953 510 1056 584; x_wconf 89' lang='lat' dir='ltr'><strong>potest</strong></span> <span class='ocrx_word' id='word_1_10' title='bbox 1083 506 1240 586; x_wconf 77' lang='lat' dir='ltr'>intellegi,</span> <span class='ocrx_word' id='word_1_11' title='bbox 1269 513 1305 570; x_wconf 88' lang='lat' dir='ltr'><strong>ut</strong></span> 
     </span>
     <span class='ocr_line' id='line_1_3' title="bbox 59 611 1303 693; baseline 0.006 -19"><span class='ocrx_word' id='word_1_12' title='bbox 59 618 129 692; x_wconf 90' lang='lat' dir='ltr'><strong>post</strong></span> <span class='ocrx_word' id='word_1_13' title='bbox 150 613 363 693; x_wconf 83' lang='lat' dir='ltr'><strong>Musgravinm</strong></span> <span class='ocrx_word' id='word_1_14' title='bbox 391 613 481 674; x_wconf 90' lang='lat' dir='ltr'><strong>multi</strong></span> <span class='ocrx_word' id='word_1_15' title='bbox 509 613 727 676; x_wconf 86' lang='lat' dir='ltr'><strong>intellexerunt</strong></span> <span class='ocrx_word' id='word_1_16' title='bbox 756 635 823 676; x_wconf 91' lang='lat' dir='ltr'><strong>oum</strong></span> <span class='ocrx_word' id='word_1_17' title='bbox 852 616 1032 679; x_wconf 76' lang='lat' dir='ltr'><strong>scholiasta:</strong></span> <span class='ocrx_word' id='word_1_18' title='bbox 1066 615 1124 683; x_wconf 82' lang='grc' dir='ltr'><strong>οὐκ</strong></span> <span class='ocrx_word' id='word_1_19' title='bbox 1153 611 1193 683; x_wconf 78' lang='lat' dir='ltr'><strong>dv</strong></span> <span class='ocrx_word' id='word_1_20' title='bbox 1222 640 1303 685; x_wconf 84' lang='grc' dir='ltr'><strong>ποτε</strong></span> 
     </span>
     <span class='ocr_line' id='line_1_4' title="bbox 59 717 1304 815; baseline 0.006 -29"><span class='ocrx_word' id='word_1_21' title='bbox 59 719 274 805; x_wconf 79' lang='grc' dir='ltr'><strong><em>ἐπαινέσαιμι</em></strong></span> <span class='ocrx_word' id='word_1_22' title='bbox 300 718 376 798; x_wconf 87' lang='grc' dir='ltr'><strong>τοῦς</strong></span> <span class='ocrx_word' id='word_1_23' title='bbox 396 721 624 810; x_wconf 77' lang='grc' dir='ltr'><em>μεμφομένους</em></span> <span class='ocrx_word' id='word_1_24' title='bbox 646 727 835 806; x_wconf 81' lang='lat' dir='ltr'><strong>(assentiri),</strong></span> <span class='ocrx_word' id='word_1_25' title='bbox 869 748 940 788; x_wconf 90' lang='lat' dir='ltr'><strong>nam</strong></span> <span class='ocrx_word' id='word_1_26' title='bbox 968 717 1155 815; x_wconf 77' lang='grc' dir='ltr'><strong><em>καταφάναι</em></strong></span> <span class='ocrx_word' id='word_1_27' title='bbox 1186 732 1242 794; x_wconf 90' lang='lat' dir='ltr'><strong>hac</strong></span> <span class='ocrx_word' id='word_1_28' title='bbox 1271 733 1304 795; x_wconf 93' lang='lat' dir='ltr'><strong>vi</strong></span> 
     </span>
     <span class='ocr_line' id='line_1_5' title="bbox 57 836 1303 920; baseline 0.006 -24"><span class='ocrx_word' id='word_1_29' title='bbox 57 836 141 899; x_wconf 90' lang='lat' dir='ltr'><strong>nullo</strong></span> <span class='ocrx_word' id='word_1_30' title='bbox 164 836 253 898; x_wconf 90' lang='lat' dir='ltr'><strong>modo</strong></span> <span class='ocrx_word' id='word_1_31' title='bbox 275 857 342 898; x_wconf 87' lang='lat' dir='ltr'><strong>cum</strong></span> <span class='ocrx_word' id='word_1_32' title='bbox 364 838 506 916; x_wconf 81' lang='lat' dir='ltr'><strong>genetivo</strong></span> <span class='ocrx_word' id='word_1_33' title='bbox 528 837 672 917; x_wconf 85' lang='lat' dir='ltr'><strong>coniungi</strong></span> <span class='ocrx_word' id='word_1_34' title='bbox 694 843 809 917; x_wconf 86' lang='lat' dir='ltr'><strong>potest,</strong></span> <span class='ocrx_word' id='word_1_35' title='bbox 832 843 936 917; x_wconf 86' lang='lat' dir='ltr'><strong>potest</strong></span> <span class='ocrx_word' id='word_1_36' title='bbox 954 860 1015 901; x_wconf 89' lang='lat' dir='ltr'><strong>una</strong></span> <span class='ocrx_word' id='word_1_37' title='bbox 1030 841 1063 903; x_wconf 91' lang='lat' dir='ltr'><strong>vi</strong></span> <span class='ocrx_word' id='word_1_38' title='bbox 1078 842 1303 920; x_wconf 88' lang='lat' dir='ltr'><strong>condemnandi,</strong></span> 
     </span>
     <span class='ocr_line' id='line_1_6' title="bbox 56 949 1304 1036; baseline 0.006 -26"><span class='ocrx_word' id='word_1_39' title='bbox 56 969 134 1027; x_wconf 87' lang='lat' dir='ltr'><strong>quae</strong></span> <span class='ocrx_word' id='word_1_40' title='bbox 157 950 303 1011; x_wconf 87' lang='lat' dir='ltr'><strong>abhorret</strong></span> <span class='ocrx_word' id='word_1_41' title='bbox 324 950 362 1009; x_wconf 91' lang='lat' dir='ltr'><strong>ab</strong></span> <span class='ocrx_word' id='word_1_42' title='bbox 384 949 539 1011; x_wconf 92' lang='lat' dir='ltr'><strong>hocloco.</strong></span> <span class='ocrx_word' id='word_1_43' title='bbox 573 949 661 1024; x_wconf 79' lang='lat' dir='ltr'><strong>Quod</strong></span> <span class='ocrx_word' id='word_1_44' title='bbox 684 951 763 1012; x_wconf 87' lang='lat' dir='ltr'><strong>enim</strong></span> <span class='ocrx_word' id='word_1_45' title='bbox 778 951 996 1014; x_wconf 87' lang='lat' dir='ltr'><strong>Leitschuhius</strong></span> <span class='ocrx_word' id='word_1_46' title='bbox 1018 953 1066 1032; x_wconf 86' lang='lat' dir='ltr'><strong>(in</strong></span> <span class='ocrx_word' id='word_1_47' title='bbox 1081 954 1184 1032; x_wconf 91' lang='lat' dir='ltr'><strong>aliquo</strong></span> <span class='ocrx_word' id='word_1_48' title='bbox 1202 976 1304 1036; x_wconf 80' lang='lat' dir='ltr'><strong>progr.</strong></span> 
     </span>
     <span class='ocr_line' id='line_1_7' title="bbox 54 1056 1303 1145; baseline 0.006 -25"><span class='ocrx_word' id='word_1_49' title='bbox 54 1060 165 1138; x_wconf 88' lang='lat' dir='ltr'><strong>schol.)</strong></span> <span class='ocrx_word' id='word_1_50' title='bbox 187 1056 404 1145; x_wconf 81' lang='grc' dir='ltr'><em>μεμφομένων</em></span> <span class='ocrx_word' id='word_1_51' title='bbox 425 1061 550 1141; x_wconf 87' lang='lat' dir='ltr'><strong>passive</strong></span> <span class='ocrx_word' id='word_1_52' title='bbox 572 1061 688 1123; x_wconf 87' lang='lat' dir='ltr'><strong>dictum</strong></span> <span class='ocrx_word' id='word_1_53' title='bbox 710 1068 830 1138; x_wconf 87' lang='lat' dir='ltr'><strong>censet,</strong></span> <span class='ocrx_word' id='word_1_54' title='bbox 860 1063 894 1124; x_wconf 93' lang='lat' dir='ltr'><strong>id</strong></span> <span class='ocrx_word' id='word_1_55' title='bbox 921 1085 979 1125; x_wconf 88' lang='lat' dir='ltr'><strong>usn</strong></span> <span class='ocrx_word' id='word_1_56' title='bbox 1000 1084 1061 1125; x_wconf 90' lang='lat' dir='ltr'><strong>non</strong></span> <span class='ocrx_word' id='word_1_57' title='bbox 1083 1067 1303 1145; x_wconf 89' lang='lat' dir='ltr'><strong>comprobatur.</strong></span> 
     </span>
     <span class='ocr_line' id='line_1_8' title="bbox 57 1168 1305 1262; baseline 0.003 -28"><span class='ocrx_word' id='word_1_58' title='bbox 57 1171 281 1252; x_wconf 76' lang='lat' dir='ltr'><strong>corrigendum</strong></span> <span class='ocrx_word' id='word_1_59' title='bbox 302 1173 401 1235; x_wconf 87' lang='lat' dir='ltr'><strong>inciso</strong></span> <span class='ocrx_word' id='word_1_60' title='bbox 423 1174 613 1251; x_wconf 90' lang='lat' dir='ltr'><strong>transposito</strong></span> <span class='ocrx_word' id='word_1_61' title='bbox 636 1172 717 1257; x_wconf 80' lang='grc' dir='ltr'><em>πρὶν</em></span> <span class='ocrx_word' id='word_1_62' title='bbox 738 1171 841 1256; x_wconf 68' lang='grc' dir='ltr'><em>ἴδοιμ’</em></span> <span class='ocrx_word' id='word_1_63' title='bbox 863 1168 969 1261; x_wconf 75' lang='grc' dir='ltr'><strong><em>ὀρθάν</em></strong></span> <span class='ocrx_word' id='word_1_64' title='bbox 987 1169 1065 1250; x_wconf 77' lang='grc' dir='ltr'><em>ἔπος</em></span> <span class='ocrx_word' id='word_1_65' title='bbox 1087 1174 1305 1262; x_wconf 84' lang='grc' dir='ltr'><em>μεμφομένων</em></span> 
     </span>
     <span class='ocr_line' id='line_1_9' title="bbox 54 1278 1305 1369; baseline 0.004 -25"><span class='ocrx_word' id='word_1_66' title='bbox 54 1304 124 1363; x_wconf 88' lang='grc' dir='ltr'><em>νιν,</em></span> <span class='ocrx_word' id='word_1_67' title='bbox 168 1279 359 1368; x_wconf 79' lang='grc' dir='ltr'><strong><em>καταφαίην</em></strong></span> <span class='ocrx_word' id='word_1_68' title='bbox 392 1285 543 1368; x_wconf 86' lang='lat' dir='ltr'><strong>(praestat</strong></span> <span class='ocrx_word' id='word_1_69' title='bbox 576 1278 766 1369; x_wconf 85' lang='grc' dir='ltr'><strong><em>καταφάναι</em></strong></span> <span class='ocrx_word' id='word_1_70' title='bbox 796 1286 955 1365; x_wconf 88' lang='lat' dir='ltr'><strong>[adnuere,</strong></span> <span class='ocrx_word' id='word_1_71' title='bbox 988 1289 1129 1367; x_wconf 90' lang='lat' dir='ltr'><strong>probare]</strong></span> <span class='ocrx_word' id='word_1_72' title='bbox 1165 1289 1305 1350; x_wconf 84' lang='lat' dir='ltr'><strong>absolute</strong></span> 
     </span>
     <span class='ocr_line' id='line_1_10' title="bbox 55 1389 1269 1474; baseline 0.004 -18"><span class='ocrx_word' id='word_1_73' title='bbox 55 1394 198 1474; x_wconf 89' lang='lat' dir='ltr'><strong>dictum).</strong></span> <span class='ocrx_word' id='word_1_74' title='bbox 243 1394 305 1457; x_wconf 83' lang='lat' dir='ltr'><strong>cfr.</strong></span> <span class='ocrx_word' id='word_1_75' title='bbox 328 1396 438 1457; x_wconf 82' lang='lat' dir='ltr'><strong>&#39;Prach</strong></span> <span class='ocrx_word' id='word_1_76' title='bbox 461 1396 539 1471; x_wconf 83' lang='lat'><strong>687,</strong></span> <span class='ocrx_word' id='word_1_77' title='bbox 561 1396 614 1457; x_wconf 91' lang='lat' dir='ltr'><strong>ubi</strong></span> <span class='ocrx_word' id='word_1_78' title='bbox 637 1393 686 1458; x_wconf 80' lang='lat' dir='ltr'><strong>riv</strong></span> <span class='ocrx_word' id='word_1_79' title='bbox 709 1417 746 1458; x_wconf 82' lang='lat' dir='ltr'><strong>ex</strong></span> <span class='ocrx_word' id='word_1_80' title='bbox 770 1389 811 1462; x_wconf 85' lang='grc' dir='ltr'><strong>άν</strong></span> <span class='ocrx_word' id='word_1_81' title='bbox 833 1399 1009 1462; x_wconf 77' lang='lat' dir='ltr'><strong>emendavit</strong></span> <span class='ocrx_word' id='word_1_82' title='bbox 1030 1401 1204 1463; x_wconf 84' lang='lat' dir='ltr'><strong>Elmsleius.</strong></span> <span class='ocrx_word' id='word_1_83' title='bbox 1226 1436 1269 1449; x_wconf 89' lang='lat'><em>-</em></span> 
     </span>
    </p>
   </div>
   <div class='ocr_carea' id='block_1_2' title="bbox 55 1532 1305 2306">
    <p class='ocr_par' dir='ltr' id='par_1_3' title="bbox 55 1532 1305 2306">
     <span class='ocr_line' id='line_1_11' title="bbox 142 1532 1305 1632; baseline 0.003 -29"><span class='ocrx_word' id='word_1_84' title='bbox 142 1541 188 1604; x_wconf 85' lang='lat' dir='ltr'><strong>lb.</strong></span> <span class='ocrx_word' id='word_1_85' title='bbox 218 1539 284 1602; x_wconf 89' lang='grc'><strong>987</strong></span> <span class='ocrx_word' id='word_1_86' title='bbox 313 1539 369 1606; x_wconf 78' lang='grc' dir='ltr'><strong>καὶ</strong></span> <span class='ocrx_word' id='word_1_87' title='bbox 396 1532 460 1628; x_wconf 88' lang='grc' dir='ltr'><strong>μήν</strong></span> <span class='ocrx_word' id='word_1_88' title='bbox 479 1539 579 1626; x_wconf 90' lang='grc' dir='ltr'><em>μέγας</em></span> <span class='ocrx_word' id='word_1_89' title='bbox 602 1533 780 1627; x_wconf 73' lang='grc' dir='ltr'><em>ὀφθαλμός</em></span> <span class='ocrx_word' id='word_1_90' title='bbox 809 1539 843 1605; x_wconf 84' lang='grc' dir='ltr'><strong>οἱ</strong></span> <span class='ocrx_word' id='word_1_91' title='bbox 867 1537 993 1632; x_wconf 76' lang='grc' dir='ltr'><em>πατρὸς</em></span> <span class='ocrx_word' id='word_1_92' title='bbox 1015 1537 1116 1630; x_wconf 86' lang='grc' dir='ltr'><strong><em>τάφοι</em></strong></span> <span class='ocrx_word' id='word_1_93' title='bbox 1144 1546 1238 1625; x_wconf 81' lang='lat' dir='ltr'><strong>vulgo</strong></span> <span class='ocrx_word' id='word_1_94' title='bbox 1268 1547 1305 1607; x_wconf 89' lang='lat' dir='ltr'><strong>da</strong></span> 
     </span>
     <span class='ocr_line' id='line_1_12' title="bbox 55 1649 1304 1739; baseline 0.002 -23"><span class='ocrx_word' id='word_1_95' title='bbox 55 1655 188 1716; x_wconf 84' lang='lat' dir='ltr'><strong>Porsoni</strong></span> <span class='ocrx_word' id='word_1_96' title='bbox 210 1654 385 1717; x_wconf 85' lang='lat' dir='ltr'><strong>coniectura</strong></span> <span class='ocrx_word' id='word_1_97' title='bbox 405 1649 433 1739; x_wconf 77' lang='grc' dir='ltr'><strong>γ’</strong></span> <span class='ocrx_word' id='word_1_98' title='bbox 455 1658 528 1733; x_wconf 89' lang='lat' dir='ltr'><strong>post</strong></span> <span class='ocrx_word' id='word_1_99' title='bbox 548 1649 649 1738; x_wconf 80' lang='grc' dir='ltr'><em>μέγας</em></span> <span class='ocrx_word' id='word_1_100' title='bbox 670 1653 802 1715; x_wconf 80' lang='lat' dir='ltr'><strong>additur.</strong></span> <span class='ocrx_word' id='word_1_101' title='bbox 837 1655 918 1718; x_wconf 84' lang='lat' dir='ltr'><strong>Vide</strong></span> <span class='ocrx_word' id='word_1_102' title='bbox 939 1677 977 1717; x_wconf 89' lang='lat' dir='ltr'><strong>ne</strong></span> <span class='ocrx_word' id='word_1_103' title='bbox 1000 1657 1084 1719; x_wconf 90' lang='lat' dir='ltr'><strong>alind</strong></span> <span class='ocrx_word' id='word_1_104' title='bbox 1105 1658 1179 1737; x_wconf 90' lang='lat' dir='ltr'><strong>quid</strong></span> <span class='ocrx_word' id='word_1_105' title='bbox 1199 1659 1304 1733; x_wconf 87' lang='lat' dir='ltr'><strong>lateat,</strong></span> 
     </span>
     <span class='ocr_line' id='line_1_13' title="bbox 56 1757 1305 1851; baseline 0.002 -23"><span class='ocrx_word' id='word_1_106' title='bbox 56 1767 241 1846; x_wconf 83' lang='lat' dir='ltr'><strong>praesertim</strong></span> <span class='ocrx_word' id='word_1_107' title='bbox 262 1787 330 1828; x_wconf 89' lang='lat' dir='ltr'><strong>cum</strong></span> <span class='ocrx_word' id='word_1_108' title='bbox 352 1757 532 1851; x_wconf 74' lang='grc' dir='ltr'><em>ὀφθαλμὸς</em></span> <span class='ocrx_word' id='word_1_109' title='bbox 554 1766 611 1828; x_wconf 90' lang='lat' dir='ltr'><strong>hoc</strong></span> <span class='ocrx_word' id='word_1_110' title='bbox 634 1766 700 1828; x_wconf 90' lang='lat' dir='ltr'><strong>loco</strong></span> <span class='ocrx_word' id='word_1_111' title='bbox 722 1766 815 1827; x_wconf 91' lang='lat' dir='ltr'><strong>aliam</strong></span> <span class='ocrx_word' id='word_1_112' title='bbox 836 1767 900 1829; x_wconf 89' lang='lat' dir='ltr'><strong>vim</strong></span> <span class='ocrx_word' id='word_1_113' title='bbox 922 1769 1046 1844; x_wconf 88' lang='lat' dir='ltr'><strong>habeat,</strong></span> <span class='ocrx_word' id='word_1_114' title='bbox 1079 1774 1171 1848; x_wconf 88' lang='lat' dir='ltr'><strong>atque</strong></span> <span class='ocrx_word' id='word_1_115' title='bbox 1193 1771 1305 1830; x_wconf 88' lang='lat' dir='ltr'><strong>habere</strong></span> 
     </span>
     <span class='ocr_line' id='line_1_14' title="bbox 56 1869 1305 1967; baseline 0 -25"><span class='ocrx_word' id='word_1_116' title='bbox 56 1879 144 1942; x_wconf 86' lang='lat' dir='ltr'><strong>solet.</strong></span> <span class='ocrx_word' id='word_1_117' title='bbox 188 1882 267 1942; x_wconf 84' lang='lat' dir='ltr'><strong>Post</strong></span> <span class='ocrx_word' id='word_1_118' title='bbox 287 1875 387 1964; x_wconf 84' lang='grc' dir='ltr'><em>μέγας</em></span> <span class='ocrx_word' id='word_1_119' title='bbox 410 1897 430 1942; x_wconf 95' lang='grc' dir='ltr'><em>σ</em></span> <span class='ocrx_word' id='word_1_120' title='bbox 451 1879 646 1941; x_wconf 78' lang='lat' dir='ltr'><strong>intercidisse</strong></span> <span class='ocrx_word' id='word_1_121' title='bbox 674 1880 824 1956; x_wconf 74' lang='lat' dir='ltr'><strong>arbitror,</strong></span> <span class='ocrx_word' id='word_1_122' title='bbox 855 1885 891 1942; x_wconf 89' lang='lat' dir='ltr'><strong>ut</strong></span> <span class='ocrx_word' id='word_1_123' title='bbox 919 1882 1084 1943; x_wconf 88' lang='lat' dir='ltr'><strong>habeamus</strong></span> <span class='ocrx_word' id='word_1_124' title='bbox 1107 1869 1205 1967; x_wconf 81' lang='grc' dir='ltr'><em>σάφ’,</em></span> <span class='ocrx_word' id='word_1_125' title='bbox 1235 1881 1305 1943; x_wconf 90' lang='lat' dir='ltr'><strong>reli-</strong></span> 
     </span>
     <span class='ocr_line' id='line_1_15' title="bbox 58 1982 1303 2073; baseline -0.001 -17"><span class='ocrx_word' id='word_1_126' title='bbox 58 2015 149 2073; x_wconf 90' lang='lat' dir='ltr'><strong>qunm</strong></span> <span class='ocrx_word' id='word_1_127' title='bbox 172 1983 266 2064; x_wconf 83' lang='grc' dir='ltr'><em>αἶνος</em></span> <span class='ocrx_word' id='word_1_128' title='bbox 287 1992 385 2053; x_wconf 81' lang='lat' dir='ltr'><strong>inisse</strong></span> <span class='ocrx_word' id='word_1_129' title='bbox 413 1996 516 2071; x_wconf 88' lang='lat' dir='ltr'><strong>potest</strong></span> <span class='ocrx_word' id='word_1_130' title='bbox 544 1991 612 2070; x_wconf 84' lang='lat' dir='ltr'><strong>(cfr.</strong></span> <span class='ocrx_word' id='word_1_131' title='bbox 634 1992 715 2052; x_wconf 90' lang='lat' dir='ltr'><strong>Phil.</strong></span> <span class='ocrx_word' id='word_1_132' title='bbox 741 1993 825 2053; x_wconf 82' lang='lat'>1380</span> <span class='ocrx_word' id='word_1_133' title='bbox 853 1982 881 2055; x_wconf 79' lang='grc' dir='ltr'><em>ὦ</em></span> <span class='ocrx_word' id='word_1_134' title='bbox 912 1986 1018 2056; x_wconf 82' lang='grc' dir='ltr'><em>δεινῦν</em></span> <span class='ocrx_word' id='word_1_135' title='bbox 1041 1985 1133 2058; x_wconf 78' lang='grc' dir='ltr'><em>αἶνον</em></span> <span class='ocrx_word' id='word_1_136' title='bbox 1163 1987 1303 2070; x_wconf 82' lang='grc' dir='ltr'><em>αἰνέσας,</em></span> 
     </span>
     <span class='ocr_line' id='line_1_16' title="bbox 56 2094 1304 2194; baseline -0.001 -27"><span class='ocrx_word' id='word_1_137' title='bbox 56 2106 167 2169; x_wconf 82' lang='lat' dir='ltr'><strong>Aesch.</strong></span> <span class='ocrx_word' id='word_1_138' title='bbox 197 2105 306 2184; x_wconf 84' lang='lat' dir='ltr'><strong>Agam.</strong></span> <span class='ocrx_word' id='word_1_139' title='bbox 337 2104 423 2165; x_wconf 83' lang='lat'>1484</span> <span class='ocrx_word' id='word_1_140' title='bbox 458 2095 555 2168; x_wconf 87' lang='grc' dir='ltr'><strong><em>κακδν</em></strong></span> <span class='ocrx_word' id='word_1_141' title='bbox 590 2094 682 2168; x_wconf 84' lang='grc' dir='ltr'><em>αἶνον</em></span> <span class='ocrx_word' id='word_1_142' title='bbox 720 2101 844 2190; x_wconf 74' lang='grc' dir='ltr'><strong>ἀτηρᾶς</strong></span> <span class='ocrx_word' id='word_1_143' title='bbox 872 2097 971 2184; x_wconf 85' lang='grc' dir='ltr'><em>τῦχας</em></span> <span class='ocrx_word' id='word_1_144' title='bbox 1002 2101 1200 2194; x_wconf 74' lang='grc' dir='ltr'><em>ἀκορέστου)</em></span> <span class='ocrx_word' id='word_1_145' title='bbox 1231 2105 1251 2166; x_wconf 89' lang='lat' dir='ltr'><strong>i.</strong></span> <span class='ocrx_word' id='word_1_146' title='bbox 1280 2123 1304 2166; x_wconf 90' lang='lat' dir='ltr'><strong>e.</strong></span> 
     </span>
     <span class='ocr_line' id='line_1_17' title="bbox 55 2204 1029 2306; baseline -0.001 -26"><span class='ocrx_word' id='word_1_147' title='bbox 55 2209 198 2304; x_wconf 76' lang='grc' dir='ltr'><em>μεγάλην</em></span> <span class='ocrx_word' id='word_1_148' title='bbox 220 2213 416 2306; x_wconf 77' lang='grc' dir='ltr'><em>παραίνεσιν</em></span> <span class='ocrx_word' id='word_1_149' title='bbox 438 2211 469 2281; x_wconf 80' lang='grc' dir='ltr'><strong>οἱ</strong></span> <span class='ocrx_word' id='word_1_150' title='bbox 493 2207 620 2301; x_wconf 84' lang='grc' dir='ltr'><em>πατρδς</em></span> <span class='ocrx_word' id='word_1_151' title='bbox 642 2204 743 2302; x_wconf 88' lang='grc' dir='ltr'><strong><em>τάφοι</em></strong></span> <span class='ocrx_word' id='word_1_152' title='bbox 767 2213 974 2304; x_wconf 81' lang='grc' dir='ltr'><em>παρέχουσιν.</em></span> <span class='ocrx_word' id='word_1_153' title='bbox 987 2254 1029 2263; x_wconf 97' lang='grc'>-</span> 
     </span>
    </p>
   </div>
   <div class='ocr_carea' id='block_1_3' title="bbox 10 2345 1306 3336">
    <p class='ocr_par' dir='ltr' id='par_1_4' title="bbox 10 2345 1306 3336">
     <span class='ocr_line' id='line_1_18' title="bbox 141 2345 1306 2440; baseline -0.002 -21"><span class='ocrx_word' id='word_1_154' title='bbox 141 2353 297 2435; x_wconf 76' lang='lat' dir='ltr'><strong>Ai.1281</strong></span> <span class='ocrx_word' id='word_1_155' title='bbox 336 2345 373 2418; x_wconf 84' lang='grc' dir='ltr'><strong>δν</strong></span> <span class='ocrx_word' id='word_1_156' title='bbox 402 2350 547 2433; x_wconf 75' lang='grc' dir='ltr'><em>οὐδαμοῦ</em></span> <span class='ocrx_word' id='word_1_157' title='bbox 581 2345 646 2438; x_wconf 81' lang='grc' dir='ltr'><strong>φής</strong></span> <span class='ocrx_word' id='word_1_158' title='bbox 677 2346 752 2418; x_wconf 83' lang='grc' dir='ltr'><em>οῦδὲ</em></span> <span class='ocrx_word' id='word_1_159' title='bbox 781 2355 946 2440; x_wconf 78' lang='grc' dir='ltr'><em>συμβῆναι</em></span> <span class='ocrx_word' id='word_1_160' title='bbox 979 2352 1081 2435; x_wconf 85' lang='grc' dir='ltr'><em>ποδί;</em></span> <span class='ocrx_word' id='word_1_161' title='bbox 1118 2357 1306 2418; x_wconf 88' lang='lat' dir='ltr'><strong>mendacium</strong></span> 
     </span>
     <span class='ocr_line' id='line_1_19' title="bbox 57 2465 1305 2550; baseline -0.002 -19"><span class='ocrx_word' id='word_1_162' title='bbox 57 2469 228 2534; x_wconf 88' lang='lat' dir='ltr'><strong>habendum</strong></span> <span class='ocrx_word' id='word_1_163' title='bbox 250 2472 314 2543; x_wconf 86' lang='lat' dir='ltr'><strong>est,</strong></span> <span class='ocrx_word' id='word_1_164' title='bbox 342 2487 404 2529; x_wconf 91' lang='lat' dir='ltr'><strong>non</strong></span> <span class='ocrx_word' id='word_1_165' title='bbox 433 2465 599 2544; x_wconf 86' lang='lat' dir='ltr'><strong>superlatio</strong></span> <span class='ocrx_word' id='word_1_166' title='bbox 623 2485 738 2540; x_wconf 84' lang='lat' dir='ltr'><strong>eorum,</strong></span> <span class='ocrx_word' id='word_1_167' title='bbox 768 2487 844 2545; x_wconf 87' lang='lat' dir='ltr'><strong>quae</strong></span> <span class='ocrx_word' id='word_1_168' title='bbox 866 2488 896 2527; x_wconf 94' lang='lat' dir='ltr'><strong>v.</strong></span> <span class='ocrx_word' id='word_1_169' title='bbox 921 2467 1005 2528; x_wconf 83' lang='lat'><strong>1237</strong></span> <span class='ocrx_word' id='word_1_170' title='bbox 1028 2468 1112 2529; x_wconf 84' lang='lat' dir='ltr'><strong>diota</strong></span> <span class='ocrx_word' id='word_1_171' title='bbox 1142 2473 1214 2528; x_wconf 89' lang='lat' dir='ltr'><strong>sunt</strong></span> <span class='ocrx_word' id='word_1_172' title='bbox 1238 2470 1305 2550; x_wconf 87' lang='lat' dir='ltr'><strong>(cfr.</strong></span> 
     </span>
     <span class='ocr_line' id='line_1_20' title="bbox 57 2565 1306 2660; baseline -0.002 -16"><span class='ocrx_word' id='word_1_173' title='bbox 57 2602 131 2660; x_wconf 89' lang='lat' dir='ltr'><strong>qnae</strong></span> <span class='ocrx_word' id='word_1_174' title='bbox 154 2580 196 2642; x_wconf 83' lang='grc' dir='ltr'><strong>Μ.</strong></span> <span class='ocrx_word' id='word_1_175' title='bbox 218 2577 389 2658; x_wconf 82' lang='lat' dir='ltr'><strong>Seyffertus</strong></span> <span class='ocrx_word' id='word_1_176' title='bbox 414 2575 598 2654; x_wconf 85' lang='lat' dir='ltr'><strong>adnotavit).</strong></span> <span class='ocrx_word' id='word_1_177' title='bbox 643 2575 731 2649; x_wconf 79' lang='lat' dir='ltr'><strong>Quod</strong></span> <span class='ocrx_word' id='word_1_178' title='bbox 753 2576 923 2655; x_wconf 86' lang='lat' dir='ltr'><strong>Seyffertns</strong></span> <span class='ocrx_word' id='word_1_179' title='bbox 950 2578 1082 2640; x_wconf 88' lang='lat' dir='ltr'><strong>coniecit</strong></span> <span class='ocrx_word' id='word_1_180' title='bbox 1103 2565 1139 2642; x_wconf 81' lang='lat' dir='ltr'><strong>dr</strong></span> <span class='ocrx_word' id='word_1_181' title='bbox 1160 2569 1306 2657; x_wconf 80' lang='grc' dir='ltr'><em>οὐδαμοῦ</em></span> 
     </span>
     <span class='ocr_line' id='line_1_21' title="bbox 58 2678 1303 2778; baseline -0.004 -24"><span class='ocrx_word' id='word_1_182' title='bbox 58 2681 121 2778; x_wconf 83' lang='grc' dir='ltr'><strong>φής</strong></span> <span class='ocrx_word' id='word_1_183' title='bbox 144 2689 226 2768; x_wconf 87' lang='lat' dir='ltr'><strong>(scil.</strong></span> <span class='ocrx_word' id='word_1_184' title='bbox 248 2680 305 2753; x_wconf 81' lang='grc' dir='ltr'><strong>τδν</strong></span> <span class='ocrx_word' id='word_1_185' title='bbox 327 2685 457 2772; x_wconf 79' lang='grc' dir='ltr'><em>δρῶντα</em></span> <span class='ocrx_word' id='word_1_186' title='bbox 478 2678 588 2764; x_wconf 82' lang='grc' dir='ltr'><em>εἶναι),</em></span> <span class='ocrx_word' id='word_1_187' title='bbox 612 2685 670 2750; x_wconf 91' lang='grc' dir='ltr'><strong>σοῦ</strong></span> <span class='ocrx_word' id='word_1_188' title='bbox 693 2682 729 2750; x_wconf 85' lang='grc' dir='ltr'><strong>δὲ</strong></span> <span class='ocrx_word' id='word_1_189' title='bbox 752 2688 916 2772; x_wconf 77' lang='grc' dir='ltr'><em>συμβῆναι</em></span> <span class='ocrx_word' id='word_1_190' title='bbox 938 2684 1036 2761; x_wconf 82' lang='grc' dir='ltr'><em>ποδί,</em></span> <span class='ocrx_word' id='word_1_191' title='bbox 1066 2687 1099 2749; x_wconf 93' lang='lat' dir='ltr'><strong>id</strong></span> <span class='ocrx_word' id='word_1_192' title='bbox 1120 2708 1182 2750; x_wconf 91' lang='lat' dir='ltr'><strong>non</strong></span> <span class='ocrx_word' id='word_1_193' title='bbox 1203 2687 1303 2749; x_wconf 89' lang='lat' dir='ltr'><strong>minus</strong></span> 
     </span>
     <span class='ocr_line' id='line_1_22' title="bbox 57 2791 1304 2880; baseline -0.004 -14"><span class='ocrx_word' id='word_1_194' title='bbox 57 2804 205 2866; x_wconf 86' lang='lat' dir='ltr'><strong>vitiosum</strong></span> <span class='ocrx_word' id='word_1_195' title='bbox 236 2799 355 2863; x_wconf 88' lang='lat' dir='ltr'><strong>dicendi</strong></span> <span class='ocrx_word' id='word_1_196' title='bbox 385 2819 480 2879; x_wconf 89' lang='lat' dir='ltr'><strong>genus</strong></span> <span class='ocrx_word' id='word_1_197' title='bbox 509 2798 633 2860; x_wconf 85' lang='lat' dir='ltr'><strong>exhibet</strong></span> <span class='ocrx_word' id='word_1_198' title='bbox 663 2820 753 2878; x_wconf 88' lang='lat' dir='ltr'><strong>qnam</strong></span> <span class='ocrx_word' id='word_1_199' title='bbox 781 2800 837 2861; x_wconf 89' lang='lat' dir='ltr'><strong>illa</strong></span> <span class='ocrx_word' id='word_1_200' title='bbox 865 2802 967 2862; x_wconf 89' lang='lat' dir='ltr'><strong>verba.</strong></span> <span class='ocrx_word' id='word_1_201' title='bbox 1019 2800 1238 2880; x_wconf 81' lang='lat' dir='ltr'><strong>corrigendum</strong></span> <span class='ocrx_word' id='word_1_202' title='bbox 1268 2791 1304 2865; x_wconf 77' lang='grc' dir='ltr'><strong>ὃν</strong></span> 
     </span>
     <span class='ocr_line' id='line_1_23' title="bbox 59 2903 1305 2998; baseline -0.006 -18"><span class='ocrx_word' id='word_1_203' title='bbox 59 2911 201 2996; x_wconf 78' lang='grc' dir='ltr'><em>οὐδαμοῦ</em></span> <span class='ocrx_word' id='word_1_204' title='bbox 225 2905 288 2998; x_wconf 87' lang='grc' dir='ltr'><strong>φής</strong></span> <span class='ocrx_word' id='word_1_205' title='bbox 312 2912 372 2976; x_wconf 90' lang='grc' dir='ltr'><strong>σοῦ</strong></span> <span class='ocrx_word' id='word_1_206' title='bbox 394 2903 459 2990; x_wconf 76' lang='grc' dir='ltr'><em>δίχ’</em></span> <span class='ocrx_word' id='word_1_207' title='bbox 481 2907 622 2996; x_wconf 76' lang='grc' dir='ltr'><em>ἐμβῆναι</em></span> <span class='ocrx_word' id='word_1_208' title='bbox 644 2909 727 2975; x_wconf 87' lang='grc' dir='ltr'><em>ποδί</em></span> <span class='ocrx_word' id='word_1_209' title='bbox 750 2913 817 2990; x_wconf 81' lang='lat' dir='ltr'><strong>(cfr.</strong></span> <span class='ocrx_word' id='word_1_210' title='bbox 837 2913 929 2973; x_wconf 83' lang='lat' dir='ltr'><strong>Rhea.</strong></span> <span class='ocrx_word' id='word_1_211' title='bbox 945 2912 1009 2972; x_wconf 82' lang='lat'><strong>214</strong></span> <span class='ocrx_word' id='word_1_212' title='bbox 1031 2904 1108 2976; x_wconf 81' lang='grc' dir='ltr'><strong><em>ὅταν</em></strong></span> <span class='ocrx_word' id='word_1_213' title='bbox 1132 2909 1161 2975; x_wconf 79' lang='grc' dir='ltr'><strong>δ’</strong></span> <span class='ocrx_word' id='word_1_214' title='bbox 1184 2905 1305 2998; x_wconf 70' lang='grc' dir='ltr'><em>ἔρημον</em></span> 
     </span>
     <span class='ocr_line' id='line_1_24' title="bbox 10 3017 1304 3114; baseline -0.006 -25"><span class='ocrx_word' id='word_1_215' title='bbox 10 3044 12 3051; x_wconf 88' lang='grc'><strong><em>·</em></strong></span> <span class='ocrx_word' id='word_1_216' title='bbox 59 3026 162 3114; x_wconf 72' lang='grc' dir='ltr'><em>χοῖρον</em></span> <span class='ocrx_word' id='word_1_217' title='bbox 185 3019 335 3105; x_wconf 72' lang='grc' dir='ltr'><em>ἐμβαίνω</em></span> <span class='ocrx_word' id='word_1_218' title='bbox 358 3020 440 3087; x_wconf 84' lang='grc' dir='ltr'><em>ποδί</em></span> <span class='ocrx_word' id='word_1_219' title='bbox 463 3027 495 3085; x_wconf 86' lang='lat' dir='ltr'><strong>ct</strong></span> <span class='ocrx_word' id='word_1_220' title='bbox 515 3024 564 3084; x_wconf 83' lang='lat' dir='ltr'><strong>El.</strong></span> <span class='ocrx_word' id='word_1_221' title='bbox 586 3023 650 3084; x_wconf 84' lang='lat'><strong>456</strong></span> <span class='ocrx_word' id='word_1_222' title='bbox 674 3017 857 3108; x_wconf 72' lang='grc' dir='ltr'><strong><em>ἐπεμβῆναι</em></strong></span> <span class='ocrx_word' id='word_1_223' title='bbox 887 3019 1000 3099; x_wconf 75' lang='grc' dir='ltr'><em>ποδί),</em></span> <span class='ocrx_word' id='word_1_224' title='bbox 1035 3023 1067 3083; x_wconf 93' lang='lat' dir='ltr'><strong>id</strong></span> <span class='ocrx_word' id='word_1_225' title='bbox 1095 3021 1217 3102; x_wconf 86' lang='lat' dir='ltr'><strong>quidem</strong></span> <span class='ocrx_word' id='word_1_226' title='bbox 1248 3027 1304 3096; x_wconf 87' lang='lat' dir='ltr'><strong>est,</strong></span> 
     </span>
     <span class='ocr_line' id='line_1_25' title="bbox 10 3108 1305 3233; baseline -0.004 -33"><span class='ocrx_word' id='word_1_227' title='bbox 10 3108 12 3137; x_wconf 58' lang='grc' dir='ltr'>Ι</span> <span class='ocrx_word' id='word_1_228' title='bbox 60 3138 135 3216; x_wconf 89' lang='lat' dir='ltr'><strong>quod</strong></span> <span class='ocrx_word' id='word_1_229' title='bbox 157 3136 371 3216; x_wconf 83' lang='lat' dir='ltr'><strong>Agamomnon</strong></span> <span class='ocrx_word' id='word_1_230' title='bbox 393 3135 517 3233; x_wconf 77' lang='lat' dir='ltr'><strong>dixerat</strong></span> <span class='ocrx_word' id='word_1_231' title='bbox 542 3134 606 3200; x_wconf 91' lang='grc' dir='ltr'><strong>ποῦ</strong></span> <span class='ocrx_word' id='word_1_232' title='bbox 627 3123 746 3215; x_wconf 59' lang='lat' dir='ltr'><strong>odoror</strong></span> <span class='ocrx_word' id='word_1_233' title='bbox 769 3125 788 3219; x_wconf 82' lang='grc' dir='ltr'><em>ή</em></span> <span class='ocrx_word' id='word_1_234' title='bbox 811 3136 877 3198; x_wconf 90' lang='grc' dir='ltr'><strong>ποῦ</strong></span> <span class='ocrx_word' id='word_1_235' title='bbox 905 3128 1053 3210; x_wconf 87' lang='grc' dir='ltr'><strong>στάντος,</strong></span> <span class='ocrx_word' id='word_1_236' title='bbox 1083 3124 1209 3217; x_wconf 78' lang='grc' dir='ltr'><em>οὗπερ</em></span> <span class='ocrx_word' id='word_1_237' title='bbox 1232 3123 1305 3196; x_wconf 84' lang='grc' dir='ltr'><strong>οῦκ</strong></span> 
     </span>
     <span class='ocr_line' id='line_1_26' title="bbox 60 3271 211 3336; baseline 0.013 -24"><span class='ocrx_word' id='word_1_238' title='bbox 60 3271 147 3336; x_wconf 86' lang='grc' dir='ltr'><em>ιγω.</em></span> <span class='ocrx_word' id='word_1_239' title='bbox 167 3285 211 3295; x_wconf 89' lang='grc'><strong>-</strong></span> 
     </span>
    </p>
   </div>
   <div class='ocr_carea' id='block_1_4' title="bbox 145 3375 1306 3473">
    <p class='ocr_par' dir='ltr' id='par_1_5' title="bbox 145 3375 1306 3473">
     <span class='ocr_line' id='line_1_27' title="bbox 145 3375 1306 3473; baseline 0.003 -25"><span class='ocrx_word' id='word_1_240' title='bbox 145 3385 191 3449; x_wconf 82' lang='lat' dir='ltr'><strong>ib.</strong></span> <span class='ocrx_word' id='word_1_241' title='bbox 208 3385 292 3450; x_wconf 84' lang='lat'><strong><em>1369</em></strong></span> <span class='ocrx_word' id='word_1_242' title='bbox 313 3389 360 3449; x_wconf 86' lang='lat' dir='ltr'><strong>La</strong></span> <span class='ocrx_word' id='word_1_243' title='bbox 382 3408 401 3448; x_wconf 93' lang='lat' dir='ltr'><strong>a</strong></span> <span class='ocrx_word' id='word_1_244' title='bbox 422 3407 467 3467; x_wconf 82' lang='lat' dir='ltr'><strong>pr.</strong></span> <span class='ocrx_word' id='word_1_245' title='bbox 489 3408 528 3448; x_wconf 90' lang='lat' dir='ltr'><strong>m.</strong></span> <span class='ocrx_word' id='word_1_246' title='bbox 550 3388 643 3448; x_wconf 86' lang='lat' dir='ltr'><strong>habet</strong></span> <span class='ocrx_word' id='word_1_247' title='bbox 664 3377 734 3451; x_wconf 78' lang='lat' dir='ltr'><strong>doo&#39;</strong></span> <span class='ocrx_word' id='word_1_248' title='bbox 751 3375 791 3448; x_wconf 80' lang='grc' dir='ltr'><strong>άν</strong></span> <span class='ocrx_word' id='word_1_249' title='bbox 806 3377 967 3471; x_wconf 81' lang='grc' dir='ltr'><em>ποιήσεις,</em></span> <span class='ocrx_word' id='word_1_250' title='bbox 991 3384 1153 3471; x_wconf 85' lang='grc' dir='ltr'><em>πανταχήι</em></span> <span class='ocrx_word' id='word_1_251' title='bbox 1169 3377 1306 3473; x_wconf 77' lang='grc' dir='ltr'><strong>χρηστὸς</strong></span> 
     </span>
    </p>
   </div>
   <div class='ocr_carea' id='block_1_5' title="bbox 10 3487 1307 4146">
    <p class='ocr_par' dir='ltr' id='par_1_6' title="bbox 10 3487 1307 4146">
     <span class='ocr_line' id='line_1_28' title="bbox 62 3487 1304 3586; baseline -0.001 -24"><span class='ocrx_word' id='word_1_252' title='bbox 62 3490 151 3584; x_wconf 73' lang='grc' dir='ltr'><em>έσῃις</em></span> <span class='ocrx_word' id='word_1_253' title='bbox 175 3487 318 3585; x_wconf 84' lang='grc' dir='ltr'><em>ποιήσῃς</em></span> <span class='ocrx_word' id='word_1_254' title='bbox 338 3500 486 3575; x_wconf 85' lang='lat' dir='ltr'><strong>correxit,</strong></span> <span class='ocrx_word' id='word_1_255' title='bbox 515 3490 541 3584; x_wconf 80' lang='grc' dir='ltr'><strong>γ’</strong></span> <span class='ocrx_word' id='word_1_256' title='bbox 565 3504 636 3579; x_wconf 87' lang='lat' dir='ltr'><strong>post</strong></span> <span class='ocrx_word' id='word_1_257' title='bbox 665 3490 802 3586; x_wconf 80' lang='grc' dir='ltr'><em>γρῃσιὸς</em></span> <span class='ocrx_word' id='word_1_258' title='bbox 825 3498 944 3560; x_wconf 90' lang='lat' dir='ltr'><strong>addidit</strong></span> <span class='ocrx_word' id='word_1_259' title='bbox 975 3519 1081 3560; x_wconf 87' lang='lat' dir='ltr'><strong>manus</strong></span> <span class='ocrx_word' id='word_1_260' title='bbox 1109 3499 1248 3578; x_wconf 81' lang='lat' dir='ltr'><strong>antiqua3</strong></span> <span class='ocrx_word' id='word_1_261' title='bbox 1277 3493 1304 3584; x_wconf 87' lang='grc' dir='ltr'><strong>γ’</strong></span> 
     </span>
     <span class='ocr_line' id='line_1_29' title="bbox 62 3611 1305 3697; baseline 0.001 -25"><span class='ocrx_word' id='word_1_262' title='bbox 62 3613 209 3691; x_wconf 84' lang='lat' dir='ltr'><strong>omittunt</strong></span> <span class='ocrx_word' id='word_1_263' title='bbox 231 3612 323 3673; x_wconf 89' lang='lat' dir='ltr'><strong>etiam</strong></span> <span class='ocrx_word' id='word_1_264' title='bbox 344 3613 406 3688; x_wconf 80' lang='lat' dir='ltr'><strong>Lo,</strong></span> <span class='ocrx_word' id='word_1_265' title='bbox 436 3612 519 3674; x_wconf 82' lang='lat' dir='ltr'><strong>Flor.</strong></span> <span class='ocrx_word' id='word_1_266' title='bbox 540 3635 568 3697; x_wconf 92' lang='grc' dir='ltr'><strong>γ.</strong></span> <span class='ocrx_word' id='word_1_267' title='bbox 593 3611 706 3689; x_wconf 89' lang='lat' dir='ltr'><strong>aliique</strong></span> <span class='ocrx_word' id='word_1_268' title='bbox 738 3611 820 3673; x_wconf 91' lang='lat' dir='ltr'><strong>libri.</strong></span> <span class='ocrx_word' id='word_1_269' title='bbox 863 3612 915 3673; x_wconf 85' lang='lat' dir='ltr'><strong>Fr.</strong></span> <span class='ocrx_word' id='word_1_270' title='bbox 938 3611 995 3673; x_wconf 86' lang='lat' dir='ltr'><strong>Gn.</strong></span> <span class='ocrx_word' id='word_1_271' title='bbox 1018 3611 1208 3674; x_wconf 84' lang='lat' dir='ltr'><strong>Schmidtius</strong></span> <span class='ocrx_word' id='word_1_272' title='bbox 1238 3633 1305 3675; x_wconf 92' lang='lat' dir='ltr'><strong>con-</strong></span> 
     </span>
     <span class='ocr_line' id='line_1_30' title="bbox 62 3696 1307 3810; baseline 0.002 -28"><span class='ocrx_word' id='word_1_273' title='bbox 62 3696 138 3788; x_wconf 72' lang='lat' dir='ltr'><strong>iacit⁴</strong></span> <span class='ocrx_word' id='word_1_274' title='bbox 154 3709 192 3796; x_wconf 83' lang='grc' dir='ltr'><strong>ῦς</strong></span> <span class='ocrx_word' id='word_1_275' title='bbox 215 3714 254 3787; x_wconf 75' lang='lat' dir='ltr'><strong>dv</strong></span> <span class='ocrx_word' id='word_1_276' title='bbox 276 3716 411 3810; x_wconf 90' lang='grc' dir='ltr'><em>ποιήσῃ,</em></span> <span class='ocrx_word' id='word_1_277' title='bbox 434 3725 585 3808; x_wconf 79' lang='grc' dir='ltr'><strong><em>πανταχῇ</em></strong></span> <span class='ocrx_word' id='word_1_278' title='bbox 601 3715 696 3808; x_wconf 74' lang='grc' dir='ltr'><em>χάρις</em></span> <span class='ocrx_word' id='word_1_279' title='bbox 716 3745 751 3807; x_wconf 85' lang='grc' dir='ltr'><strong>γε</strong></span> <span class='ocrx_word' id='word_1_280' title='bbox 771 3710 811 3807; x_wconf 89' lang='grc' dir='ltr'><strong>σή</strong></span> <span class='ocrx_word' id='word_1_281' title='bbox 834 3722 897 3805; x_wconf 88' lang='lat' dir='ltr'><strong>(vel</strong></span> <span class='ocrx_word' id='word_1_282' title='bbox 911 3720 1028 3808; x_wconf 72' lang='grc' dir='ltr'><em>γ’ἲσῃ),</em></span> <span class='ocrx_word' id='word_1_283' title='bbox 1052 3744 1111 3802; x_wconf 88' lang='lat' dir='ltr'><strong>qua</strong></span> <span class='ocrx_word' id='word_1_284' title='bbox 1133 3723 1307 3785; x_wconf 87' lang='lat' dir='ltr'><strong>coniectura</strong></span> 
     </span>
     <span class='ocr_line' id='line_1_31' title="bbox 10 3818 1306 3919; baseline 0 -23"><span class='ocrx_word' id='word_1_285' title='bbox 10 3900 12 3907; x_wconf 60' lang='grc'><em>,</em></span> <span class='ocrx_word' id='word_1_286' title='bbox 62 3836 133 3900; x_wconf 89' lang='lat' dir='ltr'><strong>bene</strong></span> <span class='ocrx_word' id='word_1_287' title='bbox 155 3835 343 3910; x_wconf 86' lang='lat' dir='ltr'><strong>emendavit,</strong></span> <span class='ocrx_word' id='word_1_288' title='bbox 372 3834 453 3914; x_wconf 91' lang='lat' dir='ltr'><strong>quod</strong></span> <span class='ocrx_word' id='word_1_289' title='bbox 475 3818 620 3914; x_wconf 86' lang='lat' dir='ltr'><strong>vulgatur</strong></span> <span class='ocrx_word' id='word_1_290' title='bbox 650 3856 687 3896; x_wconf 88' lang='lat' dir='ltr'><strong>ex</strong></span> <span class='ocrx_word' id='word_1_291' title='bbox 718 3835 905 3897; x_wconf 76' lang='lat' dir='ltr'><strong>correctione</strong></span> <span class='ocrx_word' id='word_1_292' title='bbox 934 3837 981 3896; x_wconf 88' lang='lat' dir='ltr'><strong>La</strong></span> <span class='ocrx_word' id='word_1_293' title='bbox 1011 3825 1057 3910; x_wconf 79' lang='grc' dir='ltr'><strong>ως</strong></span> <span class='ocrx_word' id='word_1_294' title='bbox 1085 3825 1125 3897; x_wconf 73' lang='lat' dir='ltr'><strong>dv</strong></span> <span class='ocrx_word' id='word_1_295' title='bbox 1154 3821 1306 3919; x_wconf 87' lang='grc' dir='ltr'><em>ποιήσῃς,</em></span> 
     </span>
     <span class='ocr_line' id='line_1_32' title="bbox 10 3934 1306 4035; baseline -0.003 -25"><span class='ocrx_word' id='word_1_296' title='bbox 10 3960 12 4031; x_wconf 74' lang='grc' dir='ltr'><em>ζ</em></span> <span class='ocrx_word' id='word_1_297' title='bbox 62 3955 159 4013; x_wconf 87' lang='lat' dir='ltr'><strong>cetera</strong></span> <span class='ocrx_word' id='word_1_298' title='bbox 191 3969 254 4011; x_wconf 92' lang='lat' dir='ltr'><strong>non</strong></span> <span class='ocrx_word' id='word_1_299' title='bbox 281 3948 364 4010; x_wconf 86' lang='lat' dir='ltr'><strong>itam.</strong></span> <span class='ocrx_word' id='word_1_300' title='bbox 406 3949 485 4009; x_wconf 86' lang='lat' dir='ltr'><strong>Post</strong></span> <span class='ocrx_word' id='word_1_301' title='bbox 517 3939 654 4035; x_wconf 73' lang='grc' dir='ltr'><strong>χρηστὸς</strong></span> <span class='ocrx_word' id='word_1_302' title='bbox 684 3947 843 4008; x_wconf 90' lang='lat' dir='ltr'><strong>intercidit</strong></span> <span class='ocrx_word' id='word_1_303' title='bbox 872 3965 892 4010; x_wconf 95' lang='grc' dir='ltr'><em>σ</em></span> <span class='ocrx_word' id='word_1_304' title='bbox 922 3947 942 4008; x_wconf 93' lang='lat' dir='ltr'><strong>i.</strong></span> <span class='ocrx_word' id='word_1_305' title='bbox 969 3968 993 4008; x_wconf 90' lang='lat' dir='ltr'><strong>e.</strong></span> <span class='ocrx_word' id='word_1_306' title='bbox 1025 3934 1064 4010; x_wconf 86' lang='grc' dir='ltr'><strong>σῦ</strong></span> <span class='ocrx_word' id='word_1_307' title='bbox 1087 3936 1114 4029; x_wconf 85' lang='grc' dir='ltr'><strong>γ’</strong></span> <span class='ocrx_word' id='word_1_308' title='bbox 1144 3937 1191 4025; x_wconf 82' lang='grc' dir='ltr'><em>εἷ,·</em></span> <span class='ocrx_word' id='word_1_309' title='bbox 1226 3965 1306 4006; x_wconf 91' lang='lat' dir='ltr'><strong>nunc</strong></span> 
     </span>
     <span class='ocr_line' id='line_1_33' title="bbox 10 4046 1009 4146; baseline -0.007 -22"><span class='ocrx_word' id='word_1_310' title='bbox 10 4052 12 4097; x_wconf 66' lang='lat'>³</span> <span class='ocrx_word' id='word_1_311' title='bbox 62 4061 176 4124; x_wconf 86' lang='lat' dir='ltr'><strong>demum</strong></span> <span class='ocrx_word' id='word_1_312' title='bbox 196 4055 233 4146; x_wconf 82' lang='grc' dir='ltr'><em>γέ</em></span> <span class='ocrx_word' id='word_1_313' title='bbox 253 4065 325 4140; x_wconf 83' lang='lat' dir='ltr'><strong>post</strong></span> <span class='ocrx_word' id='word_1_314' title='bbox 346 4050 383 4132; x_wconf 79' lang='grc' dir='ltr'><strong>ὃς</strong></span> <span class='ocrx_word' id='word_1_315' title='bbox 405 4050 444 4123; x_wconf 76' lang='lat' dir='ltr'><strong>dv</strong></span> <span class='ocrx_word' id='word_1_316' title='bbox 467 4046 591 4143; x_wconf 89' lang='grc' dir='ltr'><em>ποιήσῃ</em></span> <span class='ocrx_word' id='word_1_317' title='bbox 615 4079 703 4120; x_wconf 87' lang='lat' dir='ltr'><strong>sunm</strong></span> <span class='ocrx_word' id='word_1_318' title='bbox 725 4059 818 4119; x_wconf 90' lang='lat' dir='ltr'><strong>habet</strong></span> <span class='ocrx_word' id='word_1_319' title='bbox 840 4059 947 4120; x_wconf 87' lang='lat' dir='ltr'><strong>locum.</strong></span> <span class='ocrx_word' id='word_1_320' title='bbox 973 4094 1009 4104; x_wconf 91' lang='lat'><em>-</em></span> 
     </span>
    </p>
   </div>
   <div class='ocr_carea' id='block_1_6' title="bbox 10 4184 1307 4512">
    <p class='ocr_par' dir='ltr' id='par_1_7' title="bbox 10 4184 1307 4512">
     <span class='ocr_line' id='line_1_34' title="bbox 149 4184 1307 4283; baseline -0.005 -21"><span class='ocrx_word' id='word_1_321' title='bbox 149 4197 261 4262; x_wconf 73' lang='lat' dir='ltr'><strong>Trach.</strong></span> <span class='ocrx_word' id='word_1_322' title='bbox 284 4197 328 4259; x_wconf 77' lang='lat'><strong>94</strong></span> <span class='ocrx_word' id='word_1_323' title='bbox 354 4188 389 4262; x_wconf 81' lang='grc' dir='ltr'><strong>ὃν</strong></span> <span class='ocrx_word' id='word_1_324' title='bbox 412 4187 513 4262; x_wconf 82' lang='grc' dir='ltr'><strong><em>αἰόλα</em></strong></span> <span class='ocrx_word' id='word_1_325' title='bbox 536 4184 593 4276; x_wconf 83' lang='grc' dir='ltr'><strong>νῦξ</strong></span> <span class='ocrx_word' id='word_1_326' title='bbox 616 4189 829 4283; x_wconf 79' lang='grc' dir='ltr'><em>ἐναριζομένα</em></span> <span class='ocrx_word' id='word_1_327' title='bbox 851 4233 894 4244; x_wconf 93' lang='grc'>-</span> <span class='ocrx_word' id='word_1_328' title='bbox 915 4195 1073 4259; x_wconf 87' lang='lat' dir='ltr'><strong>Nauckins</strong></span> <span class='ocrx_word' id='word_1_329' title='bbox 1095 4189 1307 4282; x_wconf 79' lang='grc' dir='ltr'><em>έναριζομένα</em></span> 
     </span>
     <span class='ocr_line' id='line_1_35' title="bbox 10 4305 1306 4393; baseline -0.008 -19"><span class='ocrx_word' id='word_1_330' title='bbox 10 4316 13 4321; x_wconf 86' lang='grc'><strong>’</strong></span> <span class='ocrx_word' id='word_1_331' title='bbox 62 4313 208 4374; x_wconf 89' lang='lat' dir='ltr'><strong>vitiosum</strong></span> <span class='ocrx_word' id='word_1_332' title='bbox 245 4331 311 4372; x_wconf 84' lang='lat' dir='ltr'><strong>esse</strong></span> <span class='ocrx_word' id='word_1_333' title='bbox 348 4309 493 4372; x_wconf 88' lang='lat' dir='ltr'><strong>ostendit.</strong></span> <span class='ocrx_word' id='word_1_334' title='bbox 537 4307 736 4370; x_wconf 85' lang='lat' dir='ltr'><strong>Scribendum</strong></span> <span class='ocrx_word' id='word_1_335' title='bbox 769 4305 1017 4393; x_wconf 82' lang='grc' dir='ltr'><em>συνοριζομένα,</em></span> <span class='ocrx_word' id='word_1_336' title='bbox 1052 4307 1134 4388; x_wconf 82' lang='lat' dir='ltr'><strong>„sibi</strong></span> <span class='ocrx_word' id='word_1_337' title='bbox 1165 4306 1306 4379; x_wconf 88' lang='lat' dir='ltr'><strong>vicinam,</strong></span> 
     </span>
     <span class='ocr_line' id='line_1_36' title="bbox 61 4409 626 4512; baseline -0.014 -25"><span class='ocrx_word' id='word_1_338' title='bbox 61 4426 189 4488; x_wconf 86' lang='lat' dir='ltr'><strong>adfinem</strong></span> <span class='ocrx_word' id='word_1_339' title='bbox 213 4409 374 4512; x_wconf 86' lang='grc' dir='ltr'><em>(σῦνορον)</em></span> <span class='ocrx_word' id='word_1_340' title='bbox 397 4419 562 4484; x_wconf 81' lang='lat' dir='ltr'><strong>efficiens“·</strong></span> <span class='ocrx_word' id='word_1_341' title='bbox 585 4455 626 4467; x_wconf 93' lang='lat'>-</span> 
     </span>
    </p>
   </div>
   <div class='ocr_carea' id='block_1_7' title="bbox 0 0 1483 4934">
    <p class='ocr_par' dir='ltr' id='par_1_8' title="bbox 0 0 1483 4934">
     <span class='ocr_line' id='line_1_37' title="bbox 0 0 1483 4934; baseline 0 0"><span class='ocrx_word' id='word_1_342' title='bbox 0 0 1483 4934; x_wconf 95' lang='lat' dir='ltr'><strong> </strong></span> 
     </span>
    </p>
   </div>
  </div>
 </body>
</html>
