2956 4934
163 1301 375 1382 Ausonianum
390 1318 468 1380 illud
481 1319 614 1397 „habent
632 1337 687 1378 sua
697 1315 891 1378 fatalihelli“
915 1314 963 1376 ita
981 1313 1014 1375 in
1026 1333 1125 1374 meum
1136 1331 1225 1374 usum
1237 1331 1305 1374 con·

55 1432 217 1508 verterim,
247 1439 283 1493 ut
313 1432 407 1492 etiam
428 1431 576 1491 librorum
600 1430 653 1508 qui
674 1450 712 1490 ex
734 1429 920 1506 antiquitate
942 1426 1116 1490 conservati
1139 1430 1212 1487 sunt
1233 1445 1305 1487 suos

57 1567 204 1625 quemque
226 1563 333 1616 casus,
357 1563 443 1602 suam
466 1561 613 1620 quemque
635 1540 810 1601 memoriam
831 1541 943 1602 hahere
964 1540 1071 1602 dicam.
1105 1539 1223 1612 Quodsi
1244 1557 1306 1599 non

57 1659 162 1720 eadem
191 1663 239 1718 est
267 1658 411 1736 cuiusque
439 1656 513 1716 libri
541 1655 698 1728 memoria,
714 1696 716 1701 -
732 1675 793 1715 non
822 1654 924 1715 omnia
956 1655 990 1716 in
1018 1674 1120 1715 omnes
1149 1655 1307 1716 referenda

58 1774 144 1843 sunt,
179 1769 232 1829 sed
262 1769 353 1828 aliter
383 1768 415 1827 in
447 1767 541 1827 alium
569 1787 620 1828 ars
644 1766 753 1827 critica
775 1765 949 1828 exercenda.
994 1766 1195 1840 Quamobrem
1216 1766 1307 1826 utin

57 1880 131 1942 aliis
154 1879 342 1959 disciplinis,
377 1880 423 1940 ita
446 1878 495 1940 hic
518 1899 635 1958 quoque
657 1878 782 1957 egregia
804 1877 861 1938 illa
883 1877 964 1939 ratio
986 1876 1175 1938 conlectione
1206 1897 1308 1938 eorum

58 2015 135 2074 quae
158 1998 241 2055 certa
264 1997 336 2053 sunt
357 1993 474 2054 incerta
497 1991 678 2070 anquirendi
695 1990 835 2053 adhiberi
849 1992 939 2054 dehet
956 1991 1127 2072 statuique,
1153 2010 1228 2068 quae
1250 2011 1308 2066 res,

58 2108 230 2186 opiniones,
254 2107 460 2182 temeritates,
485 2106 615 2168 consilia
632 2105 665 2166 in
680 2105 791 2167 librum
804 2127 950 2184 quemque
965 2105 1128 2168 valuerint.
1158 2105 1310 2166 Nimirum

58 2222 129 2282 dum
152 2221 284 2300 singulis
307 2222 398 2282 rebus
420 2219 625 2294 continemur,
648 2219 851 2295 caecutimus;
873 2239 941 2280 oum
963 2218 1119 2298 complura
1141 2217 1256 2279 intueri
1278 2221 1310 2278 et

60 2333 312 2411 comprehendere
330 2332 419 2394 nobis
438 2332 528 2412 licet,
551 2337 653 2393 cetera
671 2333 749 2392 fiunt
766 2331 899 2392 certiora
917 2331 966 2392 vel
982 2329 1081 2408 magis
1095 2329 1309 2390 inlustrantur.

59 2445 194 2518 Namſjin
224 2446 280 2506 hac
310 2465 481 2525 quoquere
511 2435 538 2537 ιἡ
560 2441 618 2523 μὲν
641 2439 801 2527 ἐμπειρία
823 2440 936 2525 τέχνην
958 2438 1128 2525 ἐποίησεν,
1158 2431 1204 2512 ὥς
1226 2460 1310 2525 φησι

59 2556 184 2635 Πῶλος
205 2553 322 2644 ὀρθῶς
345 2556 461 2644 λέγων,
494 2546 514 2640 ἡ
540 2549 567 2620 d'
591 2548 731 2642 ἀπειρία
760 2544 893 2644 adxqv',
922 2555 1032 2634 Itaque
1060 2575 1127 2615 cum
1156 2575 1246 2634 saepe
1267 2553 1311 2615 vi-

60 2672 157 2734 derim
174 2671 206 2730 in
217 2669 409 2743 coniecturis,
433 2689 508 2747 quae
520 2669 553 2729 in
565 2669 726 2747 Sophoclis
737 2669 858 2730 fabulas
870 2669 971 2730 factae
988 2672 1060 2728 sunt
1078 2688 1097 2727 a
1107 2666 1185 2728 viris
1204 2666 1311 2741 doctis,

61 2785 148 2846 illam
181 2787 293 2856 artem,
329 2781 415 2841 illam
451 2800 650 2854 communem,
687 2801 763 2858 quae
794 2801 832 2842 ex
859 2781 1085 2860 comparatione
1113 2778 1311 2859 complurium

55 2897 199 2956 locorum
223 2893 343 2971 capitur
366 2893 518 2953 rationem
540 2876 721 2967 desiderari,
753 2893 944 2972 propositum
967 2892 1044 2954 mihi
1070 2896 1118 2954 est
1140 2892 1313 2954 conlatione

63 3003 256 3082 singulorum
283 3004 419 3064 locorum
446 3023 558 3082 genera
588 3003 735 3082 quaedam
762 3003 966 3084 investigare,
997 3004 1108 3083 quibus
1136 3004 1312 3082 depravata,

64 3115 175 3195 quihus
204 3136 265 3176 non
290 3115 457 3195 depravata
486 3116 629 3178 videatur
657 3116 801 3177 memoria
831 3116 991 3196 Sophoclis
1019 3116 1183 3194 libromm,
1216 3120 1252 3177 ut
1280 3117 1314 3178 in

62 3228 252 3308 farraginem
274 3229 516 3291 coniecturarum
544 3228 810 3308 suspicionumque
838 3229 957 3308 aliquid
978 3229 1094 3292 ordinis
1123 3228 1314 3308 rationisque

64 3342 253 3417 conferatur,
285 3347 322 3402 ut
353 3342 460 3421 regula
489 3342 653 3428 habeatur,
687 3341 726 3403 cd
755 3362 845 3420 quam
867 3341 985 3420 dirigas
1012 3341 1046 3402 in
1069 3340 1201 3422 singulis
1223 3342 1314 3404 robus

64 3455 290 3517 constituendis
319 3454 477 3530 iudicium,
510 3460 547 3517 ut
575 3476 652 3534 quae
680 3455 774 3518 etiam
801 3475 880 3518 nune
903 3454 996 3516 dubia
1025 3454 1203 3534 incertaque
1233 3459 1314 3531 sunt,

64 3568 280 3629 confirmentur
308 3573 363 3629 aut
379 3568 625 3648 redarguantur,
658 3573 694 3630 ut
725 3567 853 3649 denique
882 3568 934 3631 via
963 3568 1118 3630 muniatur
1149 3567 1189 3628 ad
1217 3588 1315 3630 novas

65 3679 257 3741 coniecturas
280 3680 474 3759 rationesque
496 3680 649 3760 purgandi
670 3681 798 3743 eximias
826 3681 899 3742 illas
927 3681 1063 3755 fabulas,
1097 3680 1207 3761 quibus
1230 3680 1315 3760 quid·

10 3844 11 3851 ,
65 3791 140 3872 quid
169 3812 258 3854 curae
290 3793 490 3872 impenditur,
524 3798 646 3873 gratum
676 3799 725 3856 est
753 3798 977 3874 acceptumque.
1021 3792 1138 3867 Quodsi
1167 3793 1236 3872 quis
1268 3813 1316 3854 me

65 3906 167 3984 ipsum
195 3924 257 3965 non
287 3909 352 3966 tam
382 3925 478 3984 genus
508 3905 646 3984 quodque
673 3905 808 3986 propriis
838 3906 984 3985 exemplis
1009 3905 1191 3981 inlustrare,
1225 3925 1315 3984 quam

65 4017 145 4080 illud
167 4037 234 4078 cum
256 4017 332 4079 meis
355 4016 539 4079 coniecturis
561 4017 887 4094 contenderevidebit,
910 4019 1006 4081 libere
1028 4019 1057 4080 ei
1078 4018 1236 4099 profiteor,
1260 4019 1316 4079 hoc

65 4130 144 4191 mihi
166 4130 276 4192 maiori
298 4130 395 4192 fuisse
418 4149 507 4192 curae
529 4150 620 4209 quam
641 4131 726 4193 illud.

536 4323 846 4332 ..-.--—-——-—--—-.

122 4552 284 4605 Wecklein,
298 4564 335 4592 ars
349 4553 416 4604 Soph.
431 4554 517 4592 emend.
