2956 4934
734 271 757 333 4

642 373 848 387 mvwvthsmvvvx

120 505 368 569 Schneidewinus
390 505 546 568 intellexit
567 505 760 567 scribendum
782 526 849 568 esse
871 497 988 571 παλαί’
1012 497 1050 573 bb
1067 541 1107 553 -
1130 499 1273 593 βεβήκοι.
1318 511 1364 571 Ib.

120 618 204 678 1235
227 619 276 679 La
297 623 329 680 et
351 620 399 680 Lb
422 623 454 679 et
475 619 558 680 Flor.
582 640 610 701 γ.
634 618 794 694 omittunt,
818 619 897 698 quod
919 618 1057 680 additum
1079 621 1112 682 in
1134 621 1244 682 ceteris
1266 621 1364 698 libris,

120 722 171 816 δὴ.
215 733 311 794 Recte
338 730 465 812 scripsit
485 732 527 793 Μ.
550 731 720 811 Seyffertus
740 727 784 818 γε’.
808 767 844 778 -
879 733 925 794 ΙΙ).
949 733 1011 794 532
1033 734 1081 795 La
1109 721 1365 818 προσκάσανιεό“

119 864 140 907 ο
165 845 288 924 punctis
315 849 437 920 notato,
472 845 649 924 apographa
677 833 926 930 προσκόσαννες.
950 882 992 891 -
1023 847 1072 908 ΕΙ.
1095 846 1158 908 885
1188 848 1234 908 La
1264 836 1365 932 άλλης

118 959 187 1037 (cfr.
202 980 231 1020 v.
245 957 322 1035 100)
343 957 378 1018 in
399 948 503 1022 άλλου
525 962 677 1018 mutatum
699 979 718 1018 a
739 979 776 1018 m.
799 979 871 1033 rec,
894 959 976 1020 Flor.
990 982 1016 1045 γ.
1032 949 1134 1044 άλλης
1157 959 1364 1039 superscripto

119 1091 171 1146 ου,
205 1071 301 1132 ceteri
328 1071 403 1132 libri
432 1061 540 1136 άλλου.
568 1106 604 1114 -
640 1071 685 1132 Ib.
717 1071 799 1132 1131
833 1092 898 1151 sqq.
927 1073 975 1133 La
997 1063 1125 1155 (δ’φελον
1149 1107 1186 1116 -
1211 1068 1365 1156 κλέψασα

118 1175 395 1258 κάνασώσασθαι,
419 1173 545 1266 ὠήελκς
566 1205 604 1243 m.
628 1188 691 1245 ant.
714 1183 747 1244 in
762 1185 823 1255 La,
846 1184 968 1267 Flory.
981 1175 1120 1271 ιόψελες,
1142 1184 1228 1246 Harl.
1251 1185 1365 1264 aliique

117 1297 191 1358 libri
220 1286 367 1381 ὤφελες,
400 1299 436 1355 ut
465 1301 666 1374 congruenter
695 1296 885 1376 corrigerent
915 1293 1083 1383 κλέψασαν
1115 1282 1362 1373 κάνασολοασαν,

1092 1400 1120 1434 00
1334 1399 1362 1432 00

118 1451 198 1531 quod
215 1451 248 1511 in
265 1452 312 1511 La
326 1472 364 1512 m.
374 1421 438 1512 reo.
454 1451 627 1531 adscripsit.
646 1486 687 1496 -
710 1451 784 1512 Ant.
796 1452 858 1513 125
877 1454 924 1514 La
939 1439 1126 1517 ἀντιπάλων
1139 1487 1180 1498 -
1193 1443 1347 1535 δράκοντι

1040 1555 1069 1588 00
1292 1555 1321 1588 06

118 1629 154 1670 ου
176 1611 208 1667 et
229 1625 269 1670 οσ
291 1626 368 1667 am.
391 1609 453 1666 ant.
477 1606 708 1686 superscriptis,
731 1607 872 1669 Paris.A
894 1599 1064 1690 ἀντιπάλῳ
1087 1643 1129 1652 -
1152 1595 1306 1694 δράκοντι
1328 1630 1365 1672 ou

117 1724 149 1782 et
178 1739 216 1783 οο
244 1721 283 1780 ab
313 1719 418 1782 eadem
447 1740 538 1781 manu
568 1720 794 1800 superscriptis
839 1721 873 1782 0.
896 1722 935 1782 R.
959 1720 1044 1782 1265
1074 1722 1120 1782 La
1150 1720 1288 1782 servavit
1318 1715 1363 1796 δέ,

117 1831 197 1911 quod
223 1831 257 1892 in
284 1833 394 1894 ceteris
423 1832 513 1893 libris
542 1832 696 1893 abiectum
718 1837 766 1893 est
795 1837 922 1912 propter
943 1824 961 1893 ὁ
985 1829 1021 1895 δὲ
1044 1832 1077 1893 in
1099 1855 1126 1896 v.
1150 1853 1247 1911 praec.
1270 1833 1363 1893 inter-

116 1945 259 2024 polatum.
304 1944 378 2006 Ant.
409 1946 492 2006 1037
522 1947 569 2005 La
601 1968 641 2008 ια
664 1947 832 2025 (superscr.
860 1965 878 2006 a
906 1966 944 2006 m.
976 1965 1021 2023 pr.
1051 1936 1106 2023 όν)
1137 1932 1363 2031 προσάρδειον,

116 2077 219 2136 apogr.
241 2061 273 2119 et
294 2058 438 2118 Eustath.
461 2050 515 2120 zor
538 2049 622 2134 πρός
643 2047 815 2140 Σάρδεσιν,
836 2057 1019 2136 Blaydesius
1042 2060 1075 2117 et
1095 2056 1252 2117 Nauckius
1275 2059 1363 2118 resti·

115 2173 241 2230 tuerunt
262 2155 520 2254 τάαόΣάρδεων.
560 2168 594 2229 0.
610 2167 643 2230 C.
668 2169 707 2229 71
730 2170 777 2230 La
798 2155 913 2247 μόλοι,
936 2166 1045 2248 μολεῖν
1067 2188 1164 2247 pauca
1186 2172 1364 2248 apographa

116 2285 148 2342 et
176 2279 285 2342 Suidas
313 2300 336 2340 s.
358 2302 389 2343 v.
419 2271 647 2368 καταητόοων,
680 2283 840 2359 utramque
872 2278 1033 2341 lectionem
1063 2280 1155 2340 habet
1185 2280 1362 2341 scholiasta.

114 2391 197 2454 Illud
219 2380 319 2472 μόλοι
342 2413 379 2454 ex
401 2393 460 2454 fine
483 2391 649 2471 superioris
671 2411 778 2452 versus
800 2389 962 2469 irrepsisse
984 2395 1014 2451 et
1036 2391 1128 2452 aliter
1150 2391 1362 2470 corrigendum

115 2525 182 2567 esse
203 2504 285 2567 vidit
305 2505 491 2567 Dindorfius.

202 2618 311 2698 Itaque
335 2617 444 2697 quibus
466 2616 543 2680 locis
557 2620 701 2696 corrupta
717 2619 767 2677 est
782 2615 892 2695 optimi
913 2616 987 2677 libri
1010 2616 1177 2695 scriptura,
1201 2622 1363 2698 antequam

114 2730 169 2792 alii
190 2731 264 2793 libri
287 2731 503 2805 adhibeantur,
527 2729 629 2791 omnia
651 2729 922 2810 circumspicienda
944 2734 1041 2791 eruut.

199 2859 269 2922 Aac.
285 2859 348 2921 575
370 2862 418 2921 La
437 2861 533 2921 habet
548 2850 671 2943 ’Ἅιδης
692 2848 709 2921 ὁ
733 2851 869 2924 naboon
893 2846 1009 2924 zerices
1030 2851 1108 2935 νοός
1128 2850 1253 2944 γάμους
1276 2858 1361 2940 ε’μοί.

112 2971 215 3051 Vulgo
227 2991 264 3032 ex
279 2972 465 3051 apographis
480 2971 629 3051 recipitur
642 2964 716 3056 ilpu-
740 2971 897 3033 Nauckius
913 2971 1040 3050 scripsit
1054 2957 1168 3050 μόνος,
1190 2971 1362 3033 Meinekius

112 3089 209 3172 κυρεῖ.
254 3085 360 3163 Ipsum
382 3080 457 3165 ἐμοί
480 3084 602 3146 reduxit
623 3084 664 3147 M.
688 3083 875 3163 Seyffertus‚
905 3082 957 3144 sed
980 3103 1056 3163 quae
1079 3083 1169 3176 huius
1192 3083 1363 3162 scripturae

113 3196 318 3259 defendendae
339 3217 432 3259 causa
454 3196 570 3272 adfert,
597 3197 668 3259 huic
698 3197 764 3259 Ιοοο
787 3216 896 3276 parum
922 3194 1148 3258 accommodata
1177 3200 1257 3256 sunt.
1301 3197 1362 3259 Pro

113 3301 188 3391 ἐμοί
213 3309 405 3373 scribendum
426 3308 550 3372 videtur
571 3305 669 3390 μένει.

198 3437 244 3504 Ie.
256 3438 319 3501 757
340 3441 388 3501 La
409 3430 519 3519 βούλει
542 3434 642 3523 λέγειν
663 3460 695 3502 τι
719 3433 776 3500 καὶ
800 3432 902 3519 λέγων
924 3431 1025 3519 μηδὲν
1041 3431 1159 3520 λέγειν,
1183 3437 1360 3515 apographa

112 3549 216 3638 μηδὲν
227 3540 342 3628 κλάειν,
366 3552 446 3631 quod
467 3573 570 3614 omnes
593 3553 778 3630 receperunt.
810 3547 871 3609 Sed
892 3547 965 3626 quid
986 3547 1064 3609 illud
1081 3552 1136 3623 est,
1159 3549 1239 3629 quod
1253 3555 1363 3628 postea

113 3667 213 3731 Creon
232 3666 310 3730 dicit
322 3660 380 3729 ἐπὶ
395 3651 530 3751 ψόγοισι
542 3651 709 3738 δεννάσεις
722 3656 803 3741 ἐμὲλ
824 3660 976 3723 Nimirum
990 3660 1150 3740 legendum
1161 3668 1225 3724 est:
1247 3651 1361 3742 βούλει

112 3778 226 3867 ψέγειν
242 3801 275 3844 οι
292 3774 349 3842 καὶ
368 3773 476 3863 ψέγοιν
493 3773 594 3861 μηδὲν
614 3770 718 3858 λέγειν
737 3775 757 3836 Ι.
776 3796 800 3838 e.
820 3779 876 3854 „tu
889 3774 939 3837 vis
959 3775 1186 3854 reprehendere,
1211 3777 1265 3837 sed
1283 3777 1364 3838 nihil

112 3893 180 3971 agis
202 3889 457 3970 reprehendendo,
480 3909 561 3952 vana
576 3892 625 3951 est
639 3893 693 3949 tua
706 3886 931 3967 reprehensio“,
954 3887 992 3948 ad
1009 3908 1086 3966 quae
1097 3887 1196 3949 Creon
1209 3887 1287 3948 illud
1302 3883 1358 3950 ἐπὶ

114 3992 280 4089 ψόγοισι
303 3990 519 4075 δεννάσεις
541 4001 704 4083 respondet
726 4001 871 4063 similiter
893 4020 928 4062 ac
951 4021 1043 4080 supra
1062 4000 1100 4060 ad
1116 4000 1253 4062 custodis
1269 4003 1363 4064 verba

112 4118 155 4195 (v.
164 4114 240 4197 323)
249 4106 269 4200 ἦ
278 4108 386 4180 δεινόν
396 4104 424 4197 qi
436 4113 516 4201 δοκῇ
526 4135 561 4198 γε
573 4112 628 4176 καὶ
641 4112 748 4198 ψευδῆ
762 4113 866 4177 δοκεῖν
874 4111 1039 4192 respondet
1051 4100 1227 4197 κόμψευέΙ
1242 4133 1295 4174 νον
1306 4105 1363 4197 τὴν

113 4228 133 4292 δ
139 4215 247 4308 όξαν.
271 4230 376 4292 Verba
387 4225 489 4313 λέγειν
497 4232 529 4290 et
538 4223 648 4313 ψέγειν
660 4247 751 4306 saepe
762 4225 930 4305 permutari
941 4229 1063 4289 constat
1070 4225 1139 4303 (cfr.
1147 4225 1197 4286 ΕΙ.
1207 4224 1347 4303 1423).-

198 4335 243 4402 Ιδ.
261 4338 325 4401 760
346 4341 394 4400 La
414 4330 519 4425 άγαγε,
541 4340 719 4420 apographa
739 4330 842 4421 άγετε.
874 4337 1048 4418 Singularis
1069 4356 1211 4398 numerus
1230 4341 1313 4397 recte
1331 4357 1345 4398 s

112 4451 220 4528 habet,
251 4451 387 4514 aoristus
414 4473 475 4515 non
502 4451 586 4515 item.
629 4450 829 4514 Scribendum
852 4441 902 4534 ὅγ’
925 4440 991 4538 άγε.
1034 4450 1170 4512 Verbum
1199 4449 1345 4528 repetitur
