2956 4934
695 287 735 347 73

182 520 293 586 Trooh.
305 521 370 586 554
386 511 531 608 λυτήριον
548 507 684 605 mappa
695 525 872 600 corruptum
883 542 951 584 esse
963 522 1044 586 vidit
1054 524 1262 601 Hermannus,
1284 523 1337 605 qui

89 634 220 697 coniecit
243 633 271 698 λ.
294 623 436 720 κήλρμα.
471 633 579 695 Ortum
602 653 675 696 vero
689 624 826 717 λύπημα
849 654 885 696 ex
908 623 1065 720 πόθρμα,
1087 638 1168 716 quod
1188 638 1337 718 scriptum

88 744 138 809 e‘st
168 729 275 830 πῆμα,
298 751 330 809 et
352 769 389 809 ex
410 745 518 826 primia
541 744 642 808 literis
664 745 806 808 vocabuli
827 735 981 831 λυτήριον.
1017 748 1093 810 (lum
1114 739 1260 834 πάθημα
1282 751 1337 813 olr.

88 853 252 945 οτέργρμα
275 860 373 934 1138,
411 859 491 938 quod
522 858 616 921 etiam
630 859 727 939 frym.
751 857 815 920 227
842 858 876 919 in
905 855 1052 943 οιὲρημα
1081 862 1179 922 latere
1205 861 1336 937 videtur,

90 972 122 1031 et
143 989 286 1049 compara
307 993 336 1035 v.
359 971 443 1033 1142
466 970 586 1052 τοιῷδε
608 965 739 1056 φίλτρῳ
761 960 818 1034 τὸν
840 960 898 1032 cdv
920 965 1057 1057 ἐκρυῆναι
1079 963 1201 1038 πόθου.
1224 1007 1267 1019 -

176 1097 221 1162 lt.
251 1099 316 1163 578
345 1105 460 1183 μυχοῖς
489 1121 544 1182 pro
578 1087 695 1209 δομοις
728 1099 941 1180 corrigendum
975 1121 1041 1164 esee
1073 1101 1268 1181 cognoscitur
1298 1122 1338 1165 ex

34 1296 36 1300 Ι
89 1232 119 1275 v.
143 1211 223 1288 6863
250 1216 365 1293 μυχοῖς
386 1213 534 1293 scriptum
556 1232 632 1293 μοις
653 1213 787 1274 obiitin
809 1205 937 1293 δόμοις.
959 1250 1003 1262 -

176 1339 258 1404 Phil.
286 1338 371 1402 1048
406 1333 479 1418 ἑυὸς
505 1339 615 1428 κρατῶ
644 1332 739 1426 λόγου
768 1340 882 1402 falsum
915 1360 981 1403 esse
1011 1343 1149 1406 ostendit
1176 1340 1337 1406 Bonitzius

91 1449 195 1532 Symh.
216 1452 234 1514 I
255 1473 285 1534 p.
308 1453 349 1514 36
373 1472 417 1531 sq.
462 1452 571 1514 Ortum
593 1456 695 1514 autem
717 1451 829 1539 κρατοῖ
850 1473 887 1515 ex
910 1433 986 1542 τερος
1007 1454 1027 1516 'a
1050 1476 1074 1516 e.
1097 1446 1226 1542 καιρὰς,
1257 1453 1338 1534 qnod

89 1585 184 1627 nuum
206 1565 277 1628 huic
299 1565 366 1628 loco
388 1565 539 1628 convenit.
561 1601 606 1612 —

178 1691 229 1756 Εἰ.
241 1690 325 1755 1091
350 1691 423 1768 τῶν,
446 1693 730 1773 quodHermannus
753 1691 936 1756 informem
959 1693 1089 1756 maxime
1112 1694 1235 1757 dubiam
1257 1693 1339 1759 τεῶν

89 1804 232 1881 mutavit,
254 1804 379 1868 videtur
399 1805 480 1869 nihil
503 1805 587 1869 aliud
605 1827 775 1886 essequam
797 1789 862 1871 dccv
884 1804 940 1868 1ο.
959 1796 1069 1887 δόμων
1086 1807 1153 1885 (cfr.
1167 1805 1241 1868 Ant.
1253 1806 1337 1869 1186

90 1908 287 1984 πλούτει-
310 1909 380 1982 κατ’
404 1908 491 1984 οἶκον
514 1953 556 1965 -
578 1914 686 2005 μέγα).
710 1954 752 1964 -

177 2045 244 2108 Hac
273 2045 393 2108 ratione
419 2045 494 2108 lieet
525 2041 561 2108 O.
583 2044 622 2110 R.
647 2043 731 2108 1085
761 2044 937 2121 restituere,
974 2045 1021 2108 ita
1052 2045 1184 2126 quidem,
1219 2050 1255 2106 ut
1284 2044 1338 2108 ali-

90 2157 166 2238 quid
187 2156 430 2238 praecipiamus,
461 2157 498 2220 de
522 2179 580 2237 quo
611 2158 693 2220 infra
715 2158 834 2221 demum
855 2158 977 2222 dicendi
1006 2159 1091 2220 Iocus
1122 2159 1190 2222 erit.
1233 2159 1337 2221 Verba

89 2267 148 2353 τῆς
170 2263 232 2357 γοέρ
253 2265 388 2358 πέφυκα
409 2261 530 2358 μητρός
552 2273 731 2350 argumento
754 2276 840 2347 sunt,
863 2275 970 2350 postea
988 2270 1025 2334 de
1046 2274 1135 2350 patre
1152 2269 1214 2333 dici
1231 2270 1339 2333 dehere

90 2381 220 2462 aliquid,
253 2380 290 2444 de
312 2401 371 2462 quo
400 2381 481 2443 nihil
507 2381 629 2444 dicitur.
672 2382 778 2446 Iudico
809 2383 922 2462 igitur,
954 2373 1028 2448 ποτ’
1051 2383 1270 2470 missaticos,
1303 2385 1340 2444 ut

90 2492 166 2556 Ant.
190 2493 274 2554 1037
296 2493 429 2557 invicem
449 2484 538 2560 τᾶπό
561 2499 736 2573 corruptum
764 2499 812 2557 est
840 2495 874 2557 iu
903 2518 944 2559 τα
967 2516 1050 2582 προ,
1085 2499 1117 2556 et
1143 2494 1220 2554 illud
1247 2511 1339 2579 προς,
1426 2505 1427 2508 ’

92 2626 185 2686 quum
206 2610 278 2686 post
299 2605 332 2669 id
353 2607 484 2668 alterum
506 2627 592 2693 προς
612 2605 829 2682 intercidisset,
852 2610 888 2667 ut
909 2607 1026 2688 aliquid
1048 2606 1253 2686 significaret,
1276 2625 1339 2666 mu·

91 2724 192 2781 tatum
214 2718 247 2780 in
268 2708 359 2806 ποτ’,
388 2739 509 2782 versum
531 2723 634 2781 autom
655 2719 762 2781 inutili
783 2718 990 2782 additamento
1012 2711 1132 2800 τούμὸν
1154 2717 1338 2799 completum

92 2852 166 2895 esea.
205 2833 276 2895 Une
296 2851 389 2894 cauea
411 2832 510 2912 igitur
530 2832 628 2895 totius
651 2833 840 2912 corruptelae
863 2831 924 2893 fuit
946 2853 1031 2916 προς
1050 2835 1123 2912 post
1144 2851 1226 2920 προς
1248 2831 1337 2893 omis-

92 2966 167 3008 sum.
210 2946 298 3008 Nunc
320 2945 383 3007 iarn
404 2945 497 3007 habes
520 2943 601 3024 quod
623 2948 796 3025 exspectas:

195 3066 328 3140 τοιόσδε
351 3071 381 3138 d'
403 3067 506 3160 ἕκφύς
527 3063 625 3161 (πρὸς
646 3069 783 3160 μητρός)
807 3068 865 3138 οὐκ
887 3061 928 3136 dv
950 3063 1119 3153 ἑξέλθοιμ’
1143 3065 1193 3137 ἔτι

195 3177 279 3275 πρὸς
300 3177 426 3275 πατρός
447 3177 554 3264 ἄλλος,
576 3176 661 3250 ὥστε
681 3175 728 3269 μή
750 3175 901 3264 ’κμαθεῖυ
922 3178 1019 3269 γένος.
1038 3218 1080 3229 -

179 3321 226 3387 Io.
258 3322 344 3387 1444
381 3324 455 3404 quid
487 3327 536 3387 est
571 3314 693 3396 οὕτωςλ
738 3320 812 3402 quid
840 3324 942 3383 movet
970 3319 1146 3396 Creontem,
1185 3324 1224 3382 nt
1253 3319 1338 3383 dicat

91 3434 140 3518 coi
168 3433 242 3516 θεῷ
269 3431 384 3500 πίστιν
415 3431 552 3522 pipere?
595 3432 848 3514 Reprehendeudi
878 3433 1017 3512 profecto
1046 3436 1118 3494 sunt
1145 3432 1337 3512 interpretes,

29 3594 32 3599 -
92 3567 168 3627 quos
191 3547 248 3610 hoc
278 3547 345 3610 loeo
373 3547 454 3609 nihil
481 3546 619 3609 offendit
662 3549 724 3608 Est
752 3550 853 3608 autem
882 3535 986 3619 οὕτως
1015 3545 1224 3608 recordatione
1252 3546 1338 3608 initii

91 3681 121 3724 v.
145 3660 229 3722 1442
253 3663 428 3740 corruptum
450 3680 487 3722 ex
509 3658 685 3739 compendio
707 3660 818 3723 ΘΟΥΟ
836 3657 857 3720 i.
879 3679 903 3720 e.
925 3648 1033 3730 θεοὺς.
1067 3657 1155 3720 Nunc
1181 3658 1337 3737 intellegis

92 3772 167 3854 quid
196 3772 296 3836 dicere
323 3773 402 3836 velit
431 3772 565 3853 Oedipus
595 3763 695 3845 θεοὺς
728 3761 780 3858 ἄρ’
810 3762 960 3859 ἀνδρὸς
988 3767 1094 3836 dolo
1102 3793 1146 3836 ου
1175 3758 1336 3837 πεύσεσθ’
1405 3822 1414 3833 ,

92 3877 178 3973 ὕπερ
199 3889 232 3949 et
253 3885 326 3966 qnid
346 3886 530 3967 respondeat
552 3885 657 3949 Creon
679 3920 723 3932 -

239 4081 378 4155 XVIII.
416 4083 542 4154 Verba
564 4083 817 4152 correctorum
839 4099 954 4168 opera
975 4080 1195 4167 depravata.

77 4233 81 4239 '
180 4227 246 4290 Iam
268 4226 389 4307 saepius
410 4226 500 4288 nobis
523 4224 656 4289 occurrit
684 4245 791 4288 manue
819 4223 1007 4287 correctoris.
1051 4205 1203 4286 Nimirum
1232 4221 1266 4282 in
1294 4220 1337 4281 di·

92 4340 219 4416 verbiie,
241 4339 295 4402 nbi
316 4343 349 4401 et
369 4342 499 4402 metrum
521 4343 553 4400 et
574 4357 682 4400 senene
700 4337 792 4399 facile
813 4335 947 4416 perspici
967 4338 1102 4414 poterat,
1124 4354 1192 4397 cum
1214 4331 1338 4410 aliquod

93 4452 220 4515 verbum
241 4455 295 4514 eut
317 4454 493 4532 corruptum
513 4453 597 4515 esset
618 4453 673 4511 aut
693 4447 914 4524 intercidisset,
936 4446 1059 4509 librarii
1074 4447 1124 4510 vel
1145 4443 1338 4525 grammatici
