2956 4934
587 377 654 390 ,nl-nm
664 377 688 387 m·
700 377 789 389 «ηιυυιι

155 505 265 573 Τνσσίι.
295 504 340 569 80
367 496 388 591 ἢ
415 505 528 573 τοῦτον
560 497 645 593 ἄρας
671 494 779 573 ἄθλου
809 497 856 582 είς
890 519 945 571 τον
973 496 1105 584 ὕστερον
1133 503 1311 565 mutendunl

61 619 188 682 videtur
215 619 250 682 in
272 609 293 704 ἢ
314 656 356 666 -
379 608 485 686 ἄθλσν
514 615 561 692 είς
592 611 629 685 τδ
653 613 806 706 φέρτερον
830 615 900 698 (eft.
923 618 996 678 Eur.
1019 617 1088 680 Hel
1110 616 1173 678 846
1197 637 1241 694 eq.
1263 613 1311 693 είς

61 723 101 797 τδ
122 727 281 818 φέρτερον
303 732 396 796 τίθει
417 722 455 796 τό
475 726 610 811 μέλλον,
632 732 764 810 Hesyoh.
777 725 950 816 φέρτερον·
972 729 1148 813 κρεῖσσον).
1186 728 1312 792 Conieei

64 843 217 922 quondam
247 830 367 921 ἆθλον,
397 833 498 908 οὐδέν’
527 831 661 929 ὕστερον
692 841 786 922 [oonl.
816 841 850 902 0.
872 841 910 902 It.
939 840 994 915 63,
1026 839 1125 914 1072,
1159 841 1208 902 El.
1239 841 1312 915 525,

62 953 115 1016 Ai.
139 954 227 1033 858),
249 954 303 1016 sed
325 975 404 1016 nune
426 954 504 1017 illud
526 959 683 1035 proestare
704 957 787 1034 puto.
813 989 849 998 -

151 1077 197 1146 lb.
206 1082 270 1145 140
281 1075 420 1163 ἄβουλον
429 1085 601 1147 sententiae
610 1105 718 1165 perum
730 1084 882 1159 convenit,
904 1084 993 1146 um'oe
1004 1084 1148 1146 convenit
1155 1071 1311 1170 ἄηνοίμοᾶ

63 1187 181 1276 (είδεν)
204 1197 335 1274 ,durum,
357 1197 514 1260 immitem‘
537 1199 605 1277 (efr.
627 1197 761 1260 Ellendt.
784 1197 842 1258 lex.
865 1217 889 1259 e.
911 1195 963 1278 v.).
989 1233 1026 1242 -

152 1324 198 1388 Ιδ.
229 1325 294 1388 379
331 1331 403 1407 poet
440 1317 490 1412 ἄρ’
531 1315 747 1408 ἄνοι’νυμσς
789 1323 936 1413 πέφυκεν
975 1331 1098 1407 oportet
1133 1348 1188 1408 pro
1222 1319 1313 1409 ἄμμα

64 1436 161 1500 scribi
183 1428 285 1522 ὄνομα
307 1427 414 1520 (δ’μμα
438 1443 469 1501 et
490 1431 595 1519 ἄνομα
621 1439 656 1501 in
683 1439 772 1501 libris
800 1459 870 1500 mse.
901 1459 991 1519 saepe
1018 1443 1231 1520 permutantur
1259 1440 1313 1501 ofr.

63 1548 215 1629 An447J.
249 1549 288 1613 Ῑιι
308 1570 335 1613 υ.
358 1570 400 1635 eq.
425 1543 554 1636 πατρὸς
573 1547 633 1632 μέν
655 1539 736 1616 οὖσα
758 1556 859 1614 ortum
880 1556 955 1631 puto
979 1572 1017 1613 ex
1034 1548 1161 1639 πατρὸς
1177 1551 1312 1636 γεγῶσα,

65 1683 157 1742 quum
176 1660 236 1745 μέν
258 1659 290 1724 ln
308 1665 328 1725 l.
350 1665 469 1726 ratione
491 1670 594 1726 eareat
617 1665 685 1747 (cfr.
709 1665 742 1726 Ο.
765 1665 802 1726 R.
827 1663 911 1725 1168
935 1655 1062 1750 ἐγγενὴς
1084 1655 1205 1748 γεγώς).
1231 1699 1271 1710 -

151 1791 197 1857 It.
227 1792 293 1856 837
323 1816 379 1876 pro
413 1785 565 1880 φάσματι
599 1795 717 1890 oonioio
749 1784 939 1875 σπάσματι,
976 1784 1089 1879 ἄρθρα
1119 1813 1175 1872 pro
1210 1783 1313 1877 ὕδρας

65 1906 208 1969 restituit
240 1908 448 1984 Hermennne3
486 1929 554 1970 oum
587 1908 690 1971 verbis
723 1898 899 1990 δεινοτάτῳ
933 1898 1047 1994 ἄρθρα
1081 1895 1314 1991 προστετακιδς

65 2011 240 2100 σπάσματι
271 2021 325 2082 efr.
359 2020 423 2082 805
456 2008 668 2108 βρυχιδμενον
701 2024 901 2102 σπασμοῖσι,
935 2020 1019 2083 1082
1053 2011 1203 2104 έθαλφεν
1234 2011 1313 2103 ἄτης

67 2121 232 2213 σπασμός.
255 2169 296 2178 --

153 2239 198 2306 lb.
212 2243 296 2309 1139
318 2239 393 2318 τούς
413 2240 507 2310 ε”νδον
529 2237 652 2330 γάμους
674 2245 838 2310 absurdum
860 2266 926 2308 esse
948 2245 1030 2308 vidit
1046 2245 1218 2322 Nenokius3
1242 2245 1315 2306 sori-

66 2355 199 2419 bondnm
218 2349 292 2429 τοδς
314 2353 402 2431 νέους
424 2347 549 2442 γάμους
570 2359 646 2420 eonl.
670 2359 732 2420 843
756 2355 836 2421 νέων
858 2349 1040 2424 ἄίσσὸντιυν
1061 2346 1183 2444 γάμων.
1209 2394 1247 2404 -

153 2483 197 2550 lo.
210 2485 296 2549 1017
316 2509 372 2568 pro
395 2476 528 2553 νώτοισι
541 2488 646 2552 Cicero
669 2489 785 2568 legisse
805 2487 929 2551 videtur
950 2482 1112 2574 στέρνοισι
1127 2487 1193 2571 (cfr.
1207 2488 1313 2566 1090),

67 2598 142 2662 lieet
163 2600 264 2662 minue
287 2606 358 2682 epte
379 2601 601 2682 interpretetus
624 2601 666 2663 sit
690 2599 830 2681 „enimo“
856 2599 1018 2684 („oorpore
1041 2600 1201 2662 exenelete
1224 2605 1315 2680 etque

67 2712 169 2776 animo
190 2713 351 2793 pertuli“).
364 2749 405 2759 -

151 2821 227 2887 Ant.
237 2824 302 2893 452
327 2820 362 2889 σί
381 2813 492 2890 τούσδ’
513 2825 686 2888 emendavit
703 2826 736 2888 in
754 2816 897 2892 τοιούσδ’
909 2825 1142 2890 Valckenarius.
1166 2824 1218 2888 El.
1232 2823 1316 2889 1056
1385 2906 1390 2913 .

65 2926 199 3002 τοιαῦθ’
222 2936 338 2999 foetum
360 2956 427 3000 esse
450 2937 572 3001 videtur
593 2959 631 3000 ex
652 2929 693 3004 σδ
715 2934 822 3004 ταῦθ’.
846 2974 887 2984 -

153 3068 204 3131 Αί.
215 3067 280 3132 628
301 3089 414 3150 magne
431 3071 558 3134 offensio
571 3071 708 3146 tollitur,
732 3071 761 3132 si
778 3091 833 3150 pro
854 3067 922 3136 οὐδ’
938 3071 1085 3133 scribitur
1096 3067 1152 3137 οὐκ
1169 3067 1316 3149 (αἴλινον,

52 3179 201 3262 αἴλινον,
223 3177 280 3249 οὐκ
302 3178 434 3270 οἰκτρᾶς
446 3217 488 3229 -
507 3173 640 3268 ἀηδοῦς,
661 3189 698 3245 nt
714 3184 864 3246 lusoiniee
881 3189 988 3246 centus
1004 3186 1042 3246 eb
1061 3183 1179 3245 eiulatu
1195 3179 1316 3247 αἴλινον

66 3315 128 3358 non
154 3294 363 3374 excludetur);
390 3295 446 3358 ofr.
468 3295 503 3357 0.
525 3295 558 3358 0.
582 3296 681 3372 1470,
714 3295 768 3358 nbi
790 3295 943 3358 Heathiue
970 3287 1040 3360 οὐδ’
1062 3314 1118 3375 pro
1141 3285 1199 3361 οὐκ
1220 3313 1316 3357 emen·

67 3408 163 3484 (levit,
187 3407 271 3487 1429
293 3408 348 3470 ubi
369 3401 439 3474 οὐδ’
462 3430 518 3489 pro
540 3402 600 3473 οὐκ
621 3410 655 3472 in
676 3411 723 3472 Le
739 3403 867 3490 legitur.
893 3443 932 3453 -

153 3546 225 3609 Aet.
248 3546 313 3610 606
341 3537 593 3635 ὁπαντογήρως
621 3549 759 3629 ineptum
785 3553 848 3626 est;
881 3549 974 3629 vulgo
997 3548 1149 3630 recipiunt
1171 3548 1208 3610 de
1229 3547 1317 3608 Bem-

66 3658 190 3740 bergeri
212 3659 388 3723 oonieoture
409 3650 427 3726 ὁ
451 3647 678 3747 παντοθήρας.
724 3662 916 3724 scholiastae
938 3661 1137 3742 explicationi
1168 3652 1187 3723 ὁ
1210 3651 1317 3727 ἄσθε-

66 3768 157 3844 νείας
187 3768 367 3858 παραίτιος
401 3778 605 3853 congruenter
633 3774 825 3836 scribendum
852 3764 870 3837 ὁ
902 3762 998 3840 πάντ’
1027 3769 1196 3861 άηασρσῖν.
1241 3770 1318 3834 Cum

65 3888 159 3949 verbo
178 3877 349 3972 ἄφασροῦν
371 3886 425 3948 efr.
448 3886 537 3966 frgm.
550 3887 613 3949 685
638 3875 754 3972 χρόνος
777 3879 805 3950 δ’
830 3877 972 3974 ἄμαυροῐ
993 3875 1104 3950 πάντα
1125 3876 1186 3958 κᾶς
1209 3873 1317 3970 λήθην

67 3989 150 4084 ἄγει.
175 4032 218 4044 -·
1138 4049 1140 4052 .

153 4109 203 4173 Io.
225 4108 310 4182 1158
339 4130 377 4172 ex
399 4109 582 4173 soholieetee
605 4111 801 4174 adnotatione
824 4106 962 4197 πίπτει,
983 4101 1188 4190 καταβάλλει
1210 4131 1257 4196 ηρ.
1281 4107 1316 4173 δέ

67 4217 268 4308 καταρρέπει
291 4213 311 4286 δ
332 4216 408 4308 έστιξ
431 4217 568 4288 πίπτειν
597 4226 688 4286 ποιεῖ
715 4223 912 4303 eognoseitur
940 4223 1066 4285 elterem
1095 4222 1257 4285 lectionem
1285 4221 1318 4282 in

66 4334 148 4398 libro
171 4355 227 4397 sno
251 4335 451 4398 eoholiaetem
467 4333 620 4397 habuisse.
650 4336 734 4398 Heeo
751 4336 828 4398 mihi
845 4335 969 4399 videtur
987 4336 1083 4397 fuisse
1104 4337 1317 4420 καταρροφεῖ,

26 4457 30 4465 “
68 4454 104 4510 ut
132 4470 151 4510 e
178 4448 324 4510 fluetibus
352 4447 467 4510 leontio
501 4447 545 4508 sit
579 4446 759 4527 deprompto
788 4448 936 4531 (Hesyoh.
968 4445 1079 4533 ῥοφεῖν
1116 4440 1316 4522 καταπίνει).
