2956 4934
717 278 760 338 24

636 382 842 395 -ΛΛΜΜΔΛΝΨΛΛΔ

112 510 257 592 κλεῖσαι,
279 508 336 574 καὶ
355 510 477 598 κλῇδα·
500 503 586 576 οὕτω
609 509 663 576 καλ
688 510 719 578 oi
743 512 887 604 τραγικοὶ
909 513 965 578 καὶ
978 513 1191 602 Θουκυδίδης.
1223 517 1300 580 Ant.
1320 519 1358 579 18

111 627 158 686 La
186 616 307 710 ᾔιδειν,
341 625 434 687 schol.
466 619 539 688 άνιὶ
569 624 626 690 τοῦ
660 617 752 711 ᾔδεα.
796 628 947 706 Equidem
981 630 1059 690 hanc
1093 630 1222 691 formam
1254 631 1359 693 etiam·

111 756 190 798 nunc
222 742 312 815 grata
344 736 538 815 ignoratione
573 737 769 800 librariorum
804 745 1016 803 conservatam
1043 745 1117 820 puto
1156 740 1266 804 Trccb.
1295 739 1359 804 988

112 837 164 934 ἆρ’
193 840 309 934 ἕξῇδης
337 839 412 913 ὅσον
444 836 482 933 ἦν
515 845 632 932 κέρδος
663 845 739 932 clyp
771 838 901 914 κεόδειν
934 848 991 914 καὶ
1024 845 1069 937 μη
1103 843 1262 916 σκεδάσαι
1297 849 1358 916 xri.

111 961 180 1023 Non
214 961 359 1036 secunda,
394 961 447 1022 sed
485 961 584 1040 prima
616 981 747 1041 persona
779 962 964 1042 requiritur:
1008 953 1060 1050 ἆρ’
1093 952 1191 1049 ἐξῇδη
1223 961 1252 1027 o'
1282 956 1360 1028 ὅσον

111 1061 149 1157 ἦν
178 1068 231 1136 xri
259 1073 278 1134 i.
310 1095 335 1134 e.
369 1093 470 1134 nonne
500 1073 710 1153 praedicabam
740 1078 796 1135 etc.
829 1075 897 1152 (cfr.
929 1075 993 1135 974
1022 1079 1110 1156 sqq).
1142 1112 1181 1122 —
1216 1077 1360 1139 Formam

112 1174 247 1268 ᾔδησθα
270 1185 393 1264 egregie
415 1185 557 1246 restituit
579 1184 712 1246 Cobetus
734 1185 807 1247 Ant.
830 1187 895 1247 447
918 1180 999 1272 ᾔδης
1021 1212 1063 1252 ια
1085 1188 1118 1248 iu
1140 1177 1277 1273 ᾔδησδα
1286 1212 1360 1252 ωα-

112 1300 187 1358 teto.
233 1297 341 1358 Tertia
363 1317 494 1376 persona
515 1296 595 1358 Phil.
620 1298 704 1358 1010
735 1298 852 1377 scripta
879 1304 928 1360 cst
949 1290 1039 1384 ᾔδει,
1073 1300 1264 1362 scribendam
1294 1323 1361 1363 eam

113 1429 179 1470 esse
202 1400 292 1494 ᾔδειν
313 1409 492 1472 Diudorfius
515 1410 554 1471 ad
576 1411 687 1472 Trach.
711 1411 752 1472 87
776 1417 887 1473 monet.
934 1413 1043 1492 Itaque
1066 1413 1099 1474 0.
1122 1413 1160 1474 R.
1184 1414 1285 1490 1526,
1307 1414 1360 1475 ubi

114 1521 207 1584 codex
232 1513 425 1607 habetr’jcdq
448 1523 678 1602 suprascripto
706 1544 752 1602 ει,
789 1514 879 1608 ᾔδειν
905 1525 1110 1600 scribendum,
1143 1547 1205 1588 non
1235 1519 1298 1612 ᾔδη
1325 1528 1361 1589 δε

113 1635 222 1696 Cobeti
244 1635 398 1697 sententia
419 1655 473 1714 pro
496 1635 596 1714 prima
620 1657 751 1715 persona
766 1636 983 1716 accipiendum,
1007 1638 1078 1716 quia
1094 1625 1130 1723 ἦν
1152 1638 1186 1699 in
1208 1639 1313 1700 codem
1332 1660 1360 1699 v.

114 1749 199 1830 (ante
222 1739 314 1835 ἀνὴρ)
336 1748 467 1828 primam
488 1769 648 1829 personam
670 1748 805 1810 excludit
826 1749 895 1827 (cfr.
917 1751 991 1810 Eur.
1013 1750 1128 1813 Pboou.
1153 1751 1236 1811 1759
1261 1741 1299 1822 ὃς
1321 1741 1361 1815 τά

113 1851 211 1923 κλείν’
242 1856 407 1943 αἰνίγματ’
439 1854 541 1946 ἔγνω).
586 1861 722 1922 Primam
751 1881 913 1940 personam
935 1862 1065 1940 pluralis
1095 1853 1238 1948 ᾔδειμεν,
1272 1884 1362 1942 quam

112 1971 187 2032 libri
219 1969 253 2035 0.
277 1971 316 2037 R.
340 1971 425 2036 1232
456 1974 585 2048 habent,
616 1971 781 2034 Elmsleius
810 1973 943 2036 mutavit
972 1973 1006 2034 in
1034 1964 1162 2060 ᾔδεμεν.
1214 1976 1262 2036 Eo
1295 1976 1361 2038 loco

112 2089 239 2166 propter
260 2107 288 2148 v.
314 2086 396 2146 1229
427 2075 490 2151 ὅσα
518 2071 652 2162 urtica,
681 2077 722 2149 τά
745 2081 776 2150 δ’
798 2081 903 2150 αὐτίκ’
925 2082 972 2159 εἰς
998 2080 1037 2152 ιδ
1064 2088 1137 2173 φώς
1159 2091 1255 2174 φανεῖ
1278 2075 1361 2151 κακά

113 2201 254 2277 praestat
275 2192 414 2277 εἴδομεν.

199 2310 270 2370 Iure
286 2309 384 2389 igitur
390 2307 572 2384 Brnnckius,
589 2308 764 2386 Elmsleins,
777 2309 962 2386 Dindorfius,
978 2310 1110 2374 Cobetus
1122 2311 1234 2391 ubique
1244 2314 1361 2393 neglec-

114 2427 180 2484 tum
201 2421 367 2486 dorismum
389 2428 420 2485 et
449 2427 583 2484 mutatas
611 2423 725 2484 formas
747 2421 871 2485 Atticas
895 2424 946 2484 vel
974 2424 1114 2487 flexionis
1142 2425 1192 2488 vel
1222 2425 1359 2505 ipsorum

113 2534 269 2597 nominum
280 2536 500 2615 verborumque
511 2535 699 2598 auctoritate
714 2536 862 2598 librorum
873 2536 1051 2615 posthabita
1065 2536 1273 2598 restituerunt.
1296 2538 1361 2598 Has

115 2669 255 2710 enarrare
273 2648 351 2710 mihi
372 2669 433 2711 non
455 2654 503 2711 est
524 2650 557 2710 in
579 2649 690 2728 animo,
713 2649 791 2711 illud
812 2649 979 2729 praeterire
996 2670 1057 2711 non
1071 2670 1203 2729 possum,
1226 2651 1362 2712 exvaria

114 2761 245 2824 lectione
268 2761 441 2824 diorthotae
464 2761 503 2822 ad
518 2761 663 2824 1111056
688 2762 845 2842 adscripta
868 2753 913 2835 ὠς
935 2752 1092 2848 ἐλοιδόρει
1116 2763 1274 2843 cognitum
1296 2784 1362 2826 esse

115 2872 296 2953 Sophoclem
318 2893 380 2936 non
402 2870 490 2958 δορὶ,
512 2873 566 2936 sed
588 2862 679 2957 δόρει
704 2874 866 2954 scripsisse
890 2874 959 2956 (cfr.
969 2873 1116 2937 Wunder.
1134 2874 1172 2936 ad
1187 2875 1221 2936 Ο.
1231 2875 1263 2938 0.
1276 2877 1362 2957 619),

115 2985 248 3050 codicem
270 2989 371 3049 autem
392 2985 505 3066 ubique
529 2983 604 3072 δορί
628 2987 748 3049 habero.
760 3023 800 3034 -
818 2987 905 3062 Quod
918 2987 1096 3050 Dindorfins
1119 3008 1239 3067 semper
1259 2989 1363 3051 verbis

116 3101 155 3161 ab
177 3123 212 3166 ευ
232 3099 453 3181 incipientibus
477 3103 673 3184 augmentum
695 3099 761 3185 (ηυ)
784 3099 873 3162 addit
893 3099 1004 3162 invitis
1025 3099 1130 3176 libris,
1154 3102 1210 3162 hoo
1228 3121 1363 3182 compro·

55 3189 58 3194 .
116 3213 184 3274 beri
208 3212 331 3276 videtur
351 3232 411 3276 uno
428 3213 495 3275 loco
512 3212 594 3274 Phil.
608 3213 700 3289 1019,
722 3213 776 3274 ubi
793 3212 939 3274 librarius
956 3212 1055 3293 primo
1067 3212 1194 3292 scripsit
1205 3201 1362 3298 ηὐξάμην,

116 3331 224 3406 postea
245 3347 281 3392 ευ
304 3347 396 3408 supra
418 3326 550 3389 notavit.
574 3361 614 3372 -

291 3517 344 3588 Vl
364 3536 398 3587 o.
432 3517 537 3588 Vitia
558 3538 606 3588 ox
630 3516 900 3589 consuetudine
923 3519 1072 3590 dicendi
1094 3522 1193 3590 nata.

207 3660 253 3722 Ut
274 3679 294 3720 a
314 3658 453 3721 librariis
475 3665 567 3722 notee
589 3661 705 3724 formae
727 3680 783 3740 pro
805 3660 905 3722 minus
927 3661 1010 3724 notia
1031 3662 1160 3738 inlatae,
1182 3662 1230 3723 ita
1251 3664 1290 3724 ab
1313 3662 1364 3725 iis·

117 3772 184 3834 dem
206 3772 370 3852 aliquoties
394 3791 431 3833 ex
453 3771 671 3835 consuetudine
698 3772 829 3854 quadam
851 3774 973 3837 dicendi
1002 3775 1248 3854 locutionumque
1269 3777 1364 3838 verba

117 3889 225 3964 poetae
246 3884 408 3946 immutata
430 3887 510 3944 sunt.
550 3883 601 3946 Sic
624 3884 659 3946 0.
682 3885 714 3948 0.
735 3885 778 3946 42
801 3878 822 3948 δ’
842 3882 870 3970 y'
892 3874 1016 3951 ἐνθάδ’
1039 3876 1175 3950 iiviri
1196 3876 1223 3969 y’
1247 3881 1363 3952 ἐνθάδ’

117 3988 164 4062 civ
195 3996 395 4077 depravatum
423 4000 488 4072 est,
524 3997 564 4058 70
587 3985 638 4084 ἆρ’
660 3987 700 4062 άν
721 4020 773 4075 τις
800 3997 834 4060 in
856 3986 908 4085 ἆρ’
930 3988 984 4064 οὖν
1005 4020 1071 4076 τις,
1105 4000 1168 4060 200
1189 3985 1304 4086 γεραόν
1331 3998 1365 4061 in

116 4099 256 4196 γεραιὸν,
278 4108 341 4170 247
364 4098 449 4189 ὔμμι
470 4107 504 4169 in
525 4097 612 4189 ὑμῖν,
634 4109 697 4170 327
721 4097 870 4195 δόσμοιρ
893 4110 926 4172 in
939 4101 1075 4199 δόσμορ
1097 4110 1165 4190 (cfr.
1179 4110 1261 4172 0.R.
1278 4111 1363 4190 248),

119 4218 204 4282 1078
235 4214 415 4300 αδδαίμων
442 4218 477 4281 in
513 4216 738 4302 οὐδαμαίμων
773 4221 848 4304 (cfr.
878 4222 912 4284 Ο.
934 4223 972 4284 R
1001 4223 1064 4284 466
1097 4213 1308 4288 ἀελλοπόδων
1335 4244 1368 4303 ρ,

119 4316 306 4408 άελλάδων,
343 4331 428 4392 1108
457 4321 691 4397 Ἑλικωνιάδων
719 4354 748 4414 p.
769 4323 999 4410 Ἑλικωνίδων,
1030 4334 1114 4396 1218
1146 4323 1309 4420 δδόρομαι
1335 4355 1364 4415 p.

119 4430 271 4528 δόρομαι,
292 4443 414 4506 81272
433 4432 635 4530 αδιοφόντην
653 4467 682 4526 p.
696 4441 893 4531 αὐτοέντην),
916 4447 1000 4509 1495
1023 4438 1144 4533 άηίζων
1160 4447 1195 4509 in
1211 4433 1364 4533 ἁγιάζων,

133 4748 145 4784 ⁸
390 4768 403 4815 ι
